2776 4484
214 356 255 416 54
578 353 621 404 nn
640 353 747 404 nonno
766 353 908 406 oluurco

176 519 192 570 2
212 506 347 568 lintribus
362 507 469 567 iunctis
484 505 657 568 transibant.
692 507 747 568 Ubi
762 527 816 586 per
829 507 1027 587 exploratores
1041 507 1147 570 Caesar
1168 507 1283 570 certior

214 593 305 652 faetus
326 598 383 663 est,
401 598 462 652 tres
481 590 539 652 iam
560 591 712 670 copiarum
727 601 824 671 partes
839 593 984 654 Helvetios
1004 593 1033 654 id
1047 593 1157 654 flumen
1171 594 1282 654 tradu-

213 676 306 748 xisse,
327 683 458 761 quartam
475 694 544 736 vero
563 684 677 754 partem
698 675 767 738 citra
786 678 897 739 llumen
910 678 1024 739 Ararim
1043 678 1183 755 reliquam
1197 697 1281 752 esse,

215 761 250 820 de
264 759 347 820 tertia
362 759 456 837 vigilia
472 779 539 820 oum
553 759 717 837 legionibus
732 761 825 822 trihus
845 781 861 823 e
877 762 978 823 castris
994 763 1143 842 profectus
1159 763 1196 822 ad
1211 781 1283 823 eam

177 863 193 912 3
214 851 327 922 partem
342 845 480 921 pervenit,
497 862 569 922 quae
579 845 714 905 nondum
727 845 837 907 flumen
852 848 1012 908 transierat.
1041 847 1101 907 Eos
1117 845 1282 926 impeditos

215 935 243 988 et
257 928 441 1006 inopinantes
456 947 611 1006 aggressus
623 946 759 1006 magnam
773 939 886 1008 partem
901 950 1004 992 eorum
1021 930 1159 992 concidit:
1174 931 1284 1010 reliqui

177 1028 194 1077 4
215 1031 279 1073 sese
298 1013 382 1090 fugae
401 1009 583 1073 mandamnt'
598 1020 683 1091 atque
700 1013 731 1074 iu
750 1016 900 1092 proximas
921 1015 1005 1076 silvas
1026 1015 1206 1076 abdiderunt.
1250 1015 1283 1076 Is

213 1115 306 1175 pagus
317 1097 515 1175 appellabatur
526 1097 696 1176 Tigurinus:
707 1117 776 1158 nam
789 1099 887 1160 omnis
900 1099 996 1160 civitas
1009 1099 1137 1160 Helvetia
1149 1100 1179 1160 in
1191 1107 1283 1178 quat-
1379 1157 1380 1180 1

177 1196 193 1246 5
212 1188 281 1240 tuor
296 1199 387 1258 pagos
403 1181 494 1242 divisa
508 1189 561 1242 est.
588 1180 642 1242 Hic
653 1201 744 1262 pagus
756 1202 842 1258 uuus,
859 1204 927 1245 eum
938 1186 1027 1245 domo
1040 1184 1147 1245 exisset
1158 1192 1283 1263 patrum
1379 1221 1380 1254 r

212 1272 384 1326 nostrorum
403 1265 559 1338 memoria,
580 1267 613 1327 L·
634 1267 766 1329 Cassium
788 1269 939 1329 considem
962 1269 1143 1329 interfecerat
1165 1275 1193 1329 et
1214 1269 1282 1329 eius

177 1359 193 1408 6
215 1349 373 1410 exercitum
389 1351 443 1411 suh
459 1355 560 1429 iugum
575 1350 703 1412 miserat.
733 1353 775 1412 lta
790 1353 849 1414 sive
864 1372 933 1414 casu
945 1353 1004 1432 sive
1016 1353 1139 1414 oonsilio
1153 1354 1284 1414 deorum

214 1433 437 1510 immortalium,
457 1455 530 1515 quae
548 1453 617 1513 pars
633 1436 753 1497 civitatis
768 1437 911 1498 Helvetiae
925 1437 1071 1516 insignem
1087 1438 1283 1498 calamitatem

178 1529 192 1578 7
214 1519 327 1598 populo
341 1519 476 1581 Romano
492 1519 635 1594 intulerat,
652 1540 685 1580 ea
700 1521 837 1602 princeps
853 1541 963 1601 poenas
979 1520 1126 1601 persolvit.
1161 1523 1227 1594 Qua
1249 1522 1283 1582 in

213 1622 245 1663 re
261 1603 365 1664 Caesar
378 1623 440 1664 non
456 1605 555 1666 solum
569 1605 715 1683 puhlicaS,
736 1609 787 1668 sed
806 1607 894 1668 etiam
913 1607 1037 1686 privatas
1058 1606 1178 1667 iniurias
1197 1607 1282 1667 ultus

214 1695 267 1761 est,
283 1690 362 1767 quod
378 1689 439 1750 eius
451 1690 546 1750 soceri
557 1690 589 1750 L.
602 1689 719 1751 Pisonis
732 1710 826 1766 avum,
840 1692 871 1752 L.
884 1691 1022 1752 Pisonem
1034 1691 1169 1768 legatum,
1186 1689 1282 1770 Tigu-

213 1773 271 1833 rini
286 1774 390 1834 eodem
405 1775 526 1852 proelio,
542 1793 600 1852 quo
616 1774 757 1849 Cassium,
772 1778 983 1844 interfecerant.

280 1863 331 1924 13.
356 1858 421 1919 Hoc
435 1858 548 1936 proelio
566 1859 640 1918 lacto
656 1859 895 1940 reliquasoopias
911 1859 1107 1920 Helvetiorum
1121 1867 1154 1920 ut
1170 1877 1282 1920 conse-

214 1941 264 2020 qui
278 1949 388 2020 posset,
402 1950 524 2020 pontem
540 1941 570 2000 in
585 1941 674 2002 Arare
689 1943 852 2004 laciendum
868 1952 949 2005 curat
962 1951 1048 2022 atque
1061 1943 1102 2004 ita
1117 1943 1282 2005 exercitum

249 2092 273 2140 2.
284 2091 716 2157 datoriiaougilio.DevonderZolt‚
772 2095 882 2144 schwert
902 2095 952 2143 und
971 2093 1018 2144 mit
1037 2095 1093 2144 dom
1110 2093 1281 2160 Ucbergungo

179 2176 187 2189 ·
214 2176 256 2208 um
265 2159 419 2222 anzngehm,
431 2161 488 2209 dass
498 2176 548 2210 von
559 2161 639 2208 einum
645 2159 717 2208 zeit-
771 2161 931 2224 beschiiftigt.

215 2242 300 2276 raume
314 2233 368 2275 erst
382 2227 421 2275 ein
435 2226 509 2277 Tlreil
521 2229 661 2277 verllossen
674 2226 716 2289 ist,

216 2295 256 2343 die
280 2293 412 2356 Handlung
435 2294 489 2342 also
515 2295 577 2344 noch
600 2294 625 2342 in
647 2294 717 2342 diese

215 2360 274 2410 Zeit
289 2360 348 2410 faillt
363 2383 398 2403 =
415 2363 476 2411 noch
492 2362 613 2410 wahrend
630 2361 676 2410 der
692 2359 717 2410 3.

215 2427 397 2492 Nachtwaolre,
409 2429 433 2477 d.
447 2430 470 2476 lr.
485 2429 610 2478 zwisohen
625 2427 655 2476 12
668 2428 718 2477 und

216 2495 231 2544 3
244 2495 296 2546 Uhr
308 2493 442 2558 Morgens;
462 2511 489 2545 so
507 2495 633 2546 demedio
644 2500 718 2544 neoto

216 2563 254 2625 (1,
267 2562 309 2625 45,
325 2561 361 2625 ll,
390 2561 472 2613 molta
484 2563 516 2613 de
526 2568 613 2613 noete:
629 2563 718 2612 mitten

215 2631 240 2680 in
258 2631 304 2679 der
319 2629 412 2692 Naum,
435 2632 497 2680 noch
520 2646 638 2694 geranno
659 2629 718 2680 Zeit

214 2713 263 2747 vor
284 2697 490 2762 Tagesanbruolr‚
515 2699 546 2748 da
566 2698 620 2748 die.-
640 2699 717 2747 sehon

214 2781 254 2814 am
271 2763 350 2828 Tage.
373 2765 419 2814 Die
434 2765 514 2816 Naoht
526 2765 716 2816 vom·Sonneu-

214 2839 355 2895 untergang
366 2832 405 2882 bis
418 2849 474 2882 zum
483 2832 615 2898 Aulgange
627 2849 683 2883 war
691 2833 716 2882 in

213 2900 271 3016 vies·
282 2899 380 3015 {leiolrgl
395 2899 483 3018 'largitio
500 2901 619 3018 gotlllrtellt,
637 2899 652 2948 2
669 2915 717 2950 vor

214 2983 247 3016 un
318 2983 364 3016 nac
430 2984 437 3017 1
462 2984 537 3018 ernao
568 2997 625 3018 .-
642 2985 655 3018 e
675 2983 717 3017 oa-

214 3036 292 3085 etrr'r:
309 3035 342 3082 im
355 3033 461 3085 Gebiete
474 3037 520 3086 der
532 3036 678 3099 Segusiavi,
694 3051 716 3084 o.

216 3101 256 3164 10,
268 3101 291 3166 5,
305 3103 373 3152 niolrt
384 3103 445 3152 weit
456 3119 505 3153 von
517 3103 598 3170 Lyca.

249 3168 272 3218 3.
291 3186 343 3220 eoo
360 3186 505 3236 aggrescm
521 3187 645 3236 maguam
654 3185 718 3238 por·

214 3241 267 3286 torn
278 3253 387 3288 eorum
403 3253 484 3304 cono,
502 3239 527 3288 in
542 3239 640 3288 miuder
656 3253 717 3286 con-

214 3305 302 3354 cinuer
311 3304 437 3355 Satzlorm
447 3307 491 3356 das
502 3306 592 3356 Obieot
600 3307 644 3354 des
654 3304 716 3354 Por-

213 3372 339 3438 tiolpiums
360 3389 450 3436 wegen
471 3375 515 3422 des
537 3373 716 3422 Hinzutretens

213 3440 284 3490 eines
296 3457 378 3490 neuen
388 3440 494 3503 Begriffs
512 3441 550 3490 als
566 3440 656 3490 Obieot
672 3440 716 3489 dos

214 3507 368 3574 Hauptverb.
402 3509 479 3557 durch
509 3507 549 3556 eiu
577 3508 717 3559 Pronomen

213 3575 370 3625 wieder-holt.
412 3573 437 3624 S.
459 3591 481 3624 c.
503 3575 548 3636 51,
572 3573 594 3624 1.
628 3573 652 3622 2.
676 3573 715 3637 10,

213 3640 238 3691 2.
265 3641 341 3706 11,4.
366 3641 445 3705 23,1.
470 3641 494 3690 3.
510 3641 549 3705 19,
562 3642 586 3690 4.
609 3642 637 3691 Β.
651 3641 716 3691 (1.2,

211 3707 255 3772 38,
269 3710 297 3758 5:
310 3711 358 3760 laos
367 3710 460 3773 adorti,
472 3725 597 3774 magunum
608 3724 717 3760 eorum

212 3778 522 3844 numeraminterfioiont.
540 3777 629 3840 Vergl.
640 3778 716 3840 dage-

214 3857 262 3904 geu
274 3844 301 3893 B.
312 3844 338 3894 C.
349 3844 372 3894 3.
386 3845 426 3909 67,
439 3844 467 3894 4:
481 3845 596 3896 celeriter·
607 3859 718 3910 aggres-

213 3925 261 3959 sor
270 3911 440 3978 Pompeianos
449 3930 483 3963 oe
490 3911 555 3963 eodo
565 3913 717 3964 deturbavit,

211 4003 249 4018 ⁴-
257 3979 406 4045 impeditos:
419 3981 496 4030 durch
508 3981 548 4030 ilrr
557 3980 659 4047 Gepiolr
671 3981 716 4032 bo-

806 2251 830 2301 4.
849 2254 872 2301 is
882 2267 969 2319 pogm
981 2275 1014 2294 =
1030 2239 1059 2302 da
1071 2253 1280 2318 pars-Helvetio-

773 2335 841 2380 rum3
867 2319 932 2368 donn
956 2320 1002 2369 mit
1021 2321 1076 2368 dem
1096 2318 1285 2382 Neboubegriff

772 2388 819 2437 der
841 2386 981 2436 Bewohner
1002 2388 1066 2436 wird
1086 2403 1184 2456 pagos,
1211 2386 1280 2450 Gau,

772 2453 880 2570 gorgon:3
890 2453 958 2504 iilter
969 2471 1019 2505 von
1031 2454 1059 2504 C.
1071 2454 1216 2517 gebraucht.
1239 2453 1280 2517 13,

790 2559 796 2572 .
828 2522 851 2585 i,
883 2559 889 2572 .

806 2607 830 2656 5.
848 2606 878 2656 L.
897 2606 1024 2671 Carnium
1042 2621 1064 2654 c.
1078 2605 1101 2668 7,
1114 2605 1144 2666 43
1164 2621 1215 2655 von
1228 2607 1280 2658 ihm

772 2674 866 2725 dedum
880 2673 1032 2724 Carmonem
1046 2671 1084 2736 13,
1097 2671 1122 2721 2.

806 2766 829 2814 1.
852 2769 907 2815 mus
925 2763 1068 2826 (Caesonis)
1087 2767 1171 2814 soceri
1186 2763 1216 2814 L.
1233 2766 1281 2814 Pi-

770 2833 961 2960 ssffizsaagogesffle’.
977 2829 1278 2950 fdesisgillW'l'¹¹‹lrldllaeonr(diuell-

771 2967 860 3032 purnia
881 2981 910 3014 er
931 2965 971 3014 eiu
993 2964 1054 3014 Jahr
1073 2966 1167 3015 vorher
1187 2968 1277 3029 gehei·

772 3035 857 3083 rathet
868 3033 946 3082 hatte.
971 3059 1006 3068 -
1028 3031 1113 3082 Wenn
1131 3035 1192 3083 naolr
1206 3034 1276 3084 Plnt.

771 3100 844 3150 Caes.
860 3099 890 3149 18
903 3099 1056 3162 nichtCaes‚,
1067 3100 1276 3152 sondernLabie-

771 3184 819 3217 nus
836 3169 875 3216 die
893 3166 1029 3230 Tiguriner
1050 3167 1149 3230 besiegt
1167 3169 1223 3236 hat²
1248 3184 1275 3218 so

771 3236 813 3298 lag
825 3235 880 3283 hier
893 3235 918 3284 in
935 3235 981 3284 dor
996 3235 1172 3300 porsiinliolreu
1184 3236 1276 3286 Bozia-

771 3304 852 3365 hnng‚
873 3303 913 3351 die
930 3318 959 3352 er
975 3303 1021 3352 der
1038 3302 1117 3352 Saohe
1134 3302 1216 3366 giebt,
1234 3303 1276 3353 ein

772 3369 867 3433 Grund,
880 3385 929 3421 von
943 3370 1038 3419 seinom
1051 3369 1275 3420 unzweilelhallen

771 3436 878 3501 liechte,
900 3439 944 3487 dus
965 3453 1016 3487 von
1037 3438 1125 3487 seinen
1146 3437 1276 3501 Legionem

771 3511 847 3554 untcr
858 3505 939 3555 oinem
952 3503 1160 3557 Unterleldherrn
1173 3506 1276 3569 Ausge·

770 3571 855 3622 fiilrrto
877 3573 930 3622 sich
951 3573 1118 3636 anzueigneu,
1144 3572 1276 3623 Gebrauclr

771 3657 804 3689 zu
819 3641 936 3704 macheu,
954 3656 981 3690 so
999 3642 1101 3690 dassen
1114 3640 1154 3689 ein
1164 3641 1275 3690 absiolrt·

770 3707 850 3758 liches
866 3707 1060 3770 Vorsohwoigen
1078 3706 1190 3757 fremden
1206 3707 1273 3758 Vor-

770 3775 883 3826 dienstes
894 3776 962 3825 nicht
974 3791 1006 3824 zu
1018 3773 1114 3824 doulon
1128 3776 1169 3838 ist,
1183 3775 1232 3824 wie
1244 3787 1275 3823 or

771 3843 824 3892 dies
841 3844 904 3892 auch
921 3849 992 3892 sonst
1008 3842 1033 3891 in
1050 3842 1149 3892 Betrell
1161 3842 1205 3892 des
1222 3841 1273 3892 La-

770 3911 861 4028 ξιεὲιιιὲ
864 3911 1018 4026 7u-iohg2tl1ut3
1033 3923 1057 3958 s.
1071 3925 1093 3959 z.
1106 3911 1134 3960 B.
1152 3910 1175 3959 5.
1189 3909 1229 3959 58.
1247 3907 1272 3956 6.
