2798 4482
219 341 280 406 140
578 341 622 394 en
640 341 748 397 nunno
767 339 909 409 clinico

217 494 302 568 dicio,
317 494 359 557 uti
374 494 512 556 omnibns
527 495 630 556 invita
646 493 810 557 commodis
824 511 883 555 una
897 511 965 554 cum
979 493 1014 554 iis
1030 491 1176 567 lruantur,
1197 511 1274 573 quo·

218 598 285 640 rum
309 598 341 640 se
359 579 500 641 amicitiae
523 580 698 654 dediderint,
722 581 748 642 si
771 579 841 658 quid
864 578 910 638 bis
933 577 1063 657 pervim
1082 578 1202 652 occidat,
1225 586 1276 642 aut

182 678 198 728 3
218 664 343 725 eundem
364 683 464 728 eastun
482 683 542 726 una
561 666 653 726 lerant
672 673 722 726 aut
740 664 795 726 sibi
814 671 941 724 mortem
961 662 1160 737 consciscent3
1179 681 1275 742 neque

217 749 313 811 adhuc
332 748 486 809 hominnm
504 750 646 812 memoria
664 758 797 829 repertus
817 756 862 810 est
880 748 1048 827 quisquam,
1068 748 1118 826 qui
1133 767 1167 808 eo
1183 748 1275 810 inter·
1342 771 1344 783 ³

181 833 306 905 ilecto,
333 832 416 894 cidus
440 851 472 893 se
496 833 637 894 amicitiae
657 835 833 906 devovisset,
857 833 935 894 meri
953 836 1113 894 recusaret:
1138 851 1207 903 cum
1227 832 1275 896 his

217 917 399 978 Adiatunnus
429 917 612 996 eruptionem
640 919 734 980 lacere
753 925 897 992 conatus,
926 918 1052 978 clamore
1076 917 1111 978 ab
1137 937 1170 978 ea
1193 925 1277 996 parte

218 1000 392 1064 munitionis
416 1001 545 1074 sublato,
571 1021 638 1062 euro
663 1004 700 1065 ad
719 1021 800 1064 arma
818 1002 926 1064 milites
950 1002 1169 1064 concurrissent
1183 1003 1276 1072 vehe-

217 1094 387 1164 menterque
406 1086 446 1147 ibi
461 1094 622 1166 pugnatum
637 1095 728 1160 esset,
747 1087 882 1167 repulsus
897 1086 928 1146 in
943 1086 1087 1166 oppidum
1101 1094 1213 1160 tamen,
1232 1087 1276 1150 uti
1302 1163 1307 1172 .

218 1170 319 1232 eadem
334 1170 489 1232 deditionis
506 1170 676 1234 condicione
690 1179 828 1245 uteretur,
844 1191 860 1232 a
875 1170 979 1232 Crasso
995 1171 1168 1251 impetravit.

303 1260 356 1322 28.
385 1255 482 1316 Annis
498 1255 708 1336 obsidibusque
722 1256 847 1335 acceptis
860 1255 982 1317 Crassus
997 1255 1029 1316 in
1039 1257 1112 1318 lines
1124 1255 1277 1321 llooatium

181 1349 197 1400 2
220 1346 250 1402 et
264 1340 448 1402 Tarusatium
463 1341 610 1420 proiectus
630 1349 683 1402 est.
713 1342 789 1402 lima
803 1359 871 1402 vero
891 1340 1006 1402 barbari
1024 1341 1177 1413 commoti,
1196 1341 1277 1419 quod

220 1424 362 1504 oppidum
382 1433 410 1486 et
428 1433 532 1486 natura
546 1424 602 1486 loci
617 1433 646 1486 et
658 1444 748 1487 manu
762 1425 908 1487 munitum
923 1425 1023 1504 paucis
1038 1425 1152 1499 dichuS,
1170 1425 1277 1504 quibus

219 1526 254 1570 eo
274 1517 393 1570 ventum
412 1517 486 1584 erat,
504 1518 701 1589 expugnatum
721 1517 930 1588 cognoverant,
949 1511 1059 1588 legatos
1079 1529 1196 1589 quoque
1209 1527 1277 1570 ver·

219 1613 287 1656 sum
306 1594 461 1668 dimittere,
482 1595 648 1668 coniurare,
669 1595 786 1656 obsides
805 1595 882 1656 inter
900 1615 933 1655 se
952 1595 1032 1669 darc,
1054 1594 1153 1675 copias
1174 1613 1278 1674 parare

182 1687 386 1758 acceperunt.
421 1680 573 1741 Mittuntur
597 1680 683 1740 etiam
708 1681 744 1742 ad
767 1699 815 1742 eas
840 1679 965 1743 civitates
988 1679 1086 1757 legati,
1111 1686 1277 1759 quaesunt

220 1763 361 1826 citerioris
385 1764 543 1844 Hispaniae
562 1765 700 1826 finitimae
717 1764 899 1844 Aquitaniae:
923 1765 991 1825 inde
1009 1764 1111 1826 auxilia
1130 1764 1277 1842 ducesque

182 1854 200 1904 4
220 1857 416 1931 arcessuntur.
447 1849 581 1920 Quorum
601 1850 726 1911 adventu
744 1867 849 1927 magua
864 1868 931 1910 cum
946 1849 1114 1912 auctoritate
1128 1857 1157 1910 et
1170 1865 1278 1926 magua

135 1999 139 2004 ,
183 1944 199 1994 5
222 1951 289 1994 cum
308 1932 464 1993 hominum
483 1933 668 1994 multitudine
681 1934 789 1994 bobum
805 1952 903 2012 gerere
917 1940 1070 1996 conantur.
1099 1934 1192 1994 Duces
1206 1951 1276 1996 vcro

220 2015 241 2076 ii
264 2016 441 2094 deliguntur,
465 2019 515 2096 qui
539 2035 598 2080 uua
624 2037 691 2080 cum
711 2017 746 2090 Q.
773 2018 903 2079 Sertorio
924 2036 1027 2080 omnes
1049 2036 1143 2080 annos
1163 2019 1280 2081 lucrant

184 2109 199 2159 6
221 2119 424 2180 summamque
447 2101 599 2162 scientiam
621 2103 663 2164 rei
682 2102 814 2164 militaris
834 2102 942 2163 babere
960 2103 1207 2164 existimabantur.
1240 2101 1278 2174 lli

222 2186 433 2248 consuetudine
453 2186 555 2266 populi
573 2185 700 2248 Romani
718 2188 782 2249 loca
803 2205 916 2267 capere,
937 2197 1031 2250 castra
1048 2187 1175 2262 munire,
1194 2205 1279 2250 conl-

221 2355 297 2404 seben
307 2353 451 2420 Ureprungs
462 2356 510 2404 und
520 2354 566 2405 aul
571 2356 619 2404 den
629 2355 723 2406 Starmu
755 2349 875 2422 'quoque
908 2354 989 2419 (nicht
1015 2358 1128 2422 qnoque)
1160 2371 1279 2408 emaum:

220 2438 270 2472 von
283 2420 379 2472 ‘sollen'
390 2421 724 2488 zuriickffilren=oetge
776 2424 838 2473 nacb
853 2424 929 2488 jeder
945 2423 1075 2490 (quisque)
1093 2423 1162 2474 Seite
1178 2424 1233 2488 hin,
1251 2427 1280 2474 a'n

220 2493 270 2556 tec,
285 2490 423 2541 deoa'oetes.
448 2491 491 2540 Sie
505 2485 610 2540 standon
623 2507 654 2540 zu
667 2492 723 2540 dem
778 2506 865 2541 omnes
875 2495 975 2558 parles.
993 2491 1018 2540 7.
1030 2491 1055 2555 4,
1068 2492 1093 2541 5.

219 2557 348 2608 aarum
368 2558 393 2608 in
417 2558 473 2608 dem
493 2558 654 2610 Verh'dltniss
678 2559 724 2608 der
812 2557 835 2608 3.
858 2561 985 2609 electoris
995 2556 1279 2627 Hispaniae=llispm

220 2624 344 2689 Clientes,
357 2629 470 2678 audacti
480 2625 631 2692 clientesque
643 2625 667 2676 6.
683 2625 722 2690 15,
777 2626 832 2676 niae
850 2625 1062 2690 Tarraconensis,
1083 2627 1207 2677 zwiseheu
1229 2625 1279 2678 dea

220 2692 249 2756 2,
267 2694 318 2757 vgl.
332 2695 355 2743 7.
369 2694 410 2758 40,
423 2696 451 2758 7,
466 2694 518 2744 und
530 2695 722 2744 unterscbeiden
776 2692 908 2760 Pyrendeu
927 2695 976 2744 und
994 2695 1049 2744 dem
1065 2693 1153 2744 Iberus
1173 2693 1279 2756 (Ebre).

221 2763 274 2812 leb
284 2763 392 2812 dadnrcb
401 2777 451 2812 von
462 2763 582 2812 manchon
592 2763 722 2812 dhnllclren
776 2761 815 2814 An
838 2763 886 2812 den
911 2761 1027 2812 Cromen
1055 2775 1105 2812 von
1128 2761 1280 2826 Aquitanica

220 2829 465 2892 Verbriideruugen,
489 2831 529 2879 die
552 2829 593 2878 bei
613 2831 724 2879 anderen
776 2830 894 2879 webnten
906 2829 945 2879 die
958 2829 1083 2880 Cantabri.

220 2895 334 2947 leltcvn
353 2898 469 2947 erwiibnt
487 2898 600 2946 werden.
626 2896 723 2948 Ueber-
810 2896 835 2946 4.
864 2911 974 2961 querum
996 2897 1121 2948 dventu:
1151 2895 1173 2944 1.
1191 2894 1236 2961 50,
1252 2894 1279 2946 3.

220 2962 723 3014 oinstimmendbeidenGermaeenTac.
776 2963 815 3014 Da
835 2964 875 3014 die
890 2963 1004 3014 Ankunlt
1023 2965 1068 3014 das
1084 2964 1104 3016 F
1107 2965 1212 3028 olgendc
1232 2963 1278 3012 be·

222 3029 306 3082 Germ.
319 3047 341 3080 e.
356 3030 400 3079 14:
417 3032 516 3095 a'eqfam
531 3034 558 3080 ie
575 3034 724 3082 munemel-
776 3031 867 3093 wirlrt,
890 3031 955 3094 liegt
976 3033 1009 3082 im
1030 3032 1141 3089 Ablativ.
1163 3031 1279 3093 augleicb

222 3101 282 3163 wan,
295 3101 463 3165 superstitem
469 3101 614 3166 principi
623 3113 679 3148 cuo
689 3115 725 3150 ee
778 3099 878 3148 causale
895 3098 1048 3163 Bedeutung.
1060 3127 1096 3168 -,
1106 3115 1203 3165 magea
1218 3113 1278 3150 cum

220 3168 275 3216 aete
294 3168 440 3216 recessisse.
467 3166 554 3218 Valer.
572 3165 640 3216 Max.
655 3165 681 3216 2.
698 3165 723 3230 6,
775 3169 943 3218 auctoritate:
962 3167 1008 3218 mit
1023 3183 1138 3232 grossem
1155 3166 1278 3230 Gewiebt,

223 3230 265 3284 ll:
288 3231 407 3284 Celtiberi
424 3234 502 3298 nesae
523 3250 580 3284 eece
600 3233 725 3284 ducebant
775 3232 934 3286 Naebdruck.

218 3299 317 3369 proelio
329 3317 477 3368 superesse,
494 3317 572 3367 paam
582 3304 606 3352 a's
619 3301 724 3352 occidas-
811 3302 836 3352 5.
864 3318 919 3353 una
940 3317 999 3354 cum
1017 3300 1148 3366 Sertorio,
1172 3303 1199 3352 in
1222 3302 1279 3352 dom

221 3373 268 3434 aet,
278 3383 328 3436 pro
340 3371 413 3420 eiciar
424 3368 508 3420 salute
516 3368 725 3438 spintuuadeco·
776 3366 884 3433 brioga,
897 3371 945 3420 den
958 3372 1043 3422 dieser
1058 3387 1108 3422 von
1125 3369 1234 3420 80-72
1251 3385 1277 3420 v.

219 3439 324 3488 educent.
777 3437 834 3488 Cbr.
855 3453 936 3502 gegen
958 3439 997 3488 die
1013 3437 1107 3490 Rtimer
1126 3439 1152 3488 in
1168 3437 1278 3504 Spanien

254 3504 279 3554 4.
303 3519 361 3556 eam
372 3505 413 3555 tis
425 3505 511 3556 nirnmt
525 3505 655 3556 nacb'dem
667 3505 723 3555 lda-
777 3503 870 3556 [iibrte.
888 3533 922 3542 -
935 3521 1023 3556 omnes
1040 3521 1138 3558 metesa
1153 3505 1278 3556 aotiirlieb

221 3587 298 3634 geren
313 3571 502 3623 Zwiscbensatz
521 3573 561 3624 dle
578 3573 723 3635 hegennene
778 3573 841 3624 eben
850 3589 898 3624 nur
907 3573 947 3624 die
956 3571 1277 3637 somnulenllriegsjabre.

220 3638 289 3690 neue
302 3641 399 3690 wieder
409 3641 455 3690 aul
467 3640 660 3706 (Epaualapsis).
776 3669 811 3678 —
822 3657 1011 3708 ausoniamque:
1027 3641 1107 3706 19,1=
1123 3643 1278 3692 aeenmatt·
1359 3643 1362 3648 '

255 3697 310 3759 28·
338 3707 363 3758 2.
391 3712 483 3777 paneis
500 3709 601 3775 diebus,
620 3710 724 3774 qenes.-
777 3725 833 3776 que.

221 3775 350 3828 inuerhalb
378 3778 492 3840 weniger
514 3774 597 3841 Tage,
625 3776 723 3839 wenige
812 3778 837 3827 6.
855 3775 1037 3828 merueludiae
1045 3791 1074 3844 p.
1085 3775 1117 3830 n.
1135 3776 1179 3826 Sic
1190 3777 1278 3826 butten

221 3841 291 3905 Tage
304 3845 430 3908 eamdam,
443 3845 558 3909 cigenti:
571 3844 596 3894 in
609 3844 657 3894 den
669 3859 723 3894 we·
776 3859 827 3894 von
836 3844 966 3898 Sertorius
977 3844 1018 3894 die
1027 3847 1089 3894 rbm.
1100 3843 1278 3908 llriegsknast,

220 3909 294 3972 rigon
307 3910 406 3974 Tegea,
423 3913 449 3963 in
461 3913 502 3964 die
513 3913 576 3963 aueb
587 3913 659 3964 selae
671 3910 722 3962 An·
777 3911 824 3962 der
846 3927 876 3962 ec
898 3913 924 3962 in
948 3911 1056 3978 Spartica
1079 3912 1194 3976 Elegang
1216 3925 1277 3962 ver-

219 3975 292 4030 mnu
313 3977 364 4030 tet
393 3979 418 4030 4.
438 3979 482 4044 ts,
501 3980 524 4032 1.
542 3981 568 4030 5.
584 3979 630 4045 26,
649 3979 672 4030 1.
688 4007 724 4034 -η
776 3979 893 4045 selaeu,
909 3993 1095 4043 angcnonamcn.
1117 3979 1178 4032 wie
1194 3979 1278 4032 rubia
