2828 4480
573 349 605 404 v.
624 349 744 404 aa-as.
1027 343 1032 350 '
1126 353 1189 416 203

132 511 173 580 et,
194 523 281 584 quam
299 503 330 564 in
348 512 461 584 partem
479 505 605 566 Romani
624 505 766 586 impetum
786 506 919 581 iecerint,
939 507 1042 568 cedant
1061 506 1191 584 (levitate
1210 515 1227 566 t

131 607 283 650 armorum
297 597 325 650 et
339 590 483 651 cotidiana
494 589 699 652 exercitatione
714 591 786 652 nihil
796 590 831 651 iis
842 591 942 652 noceri
953 592 1070 670 posse),
1085 609 1190 653 rursus

132 693 164 734 se
178 676 215 736 ad
230 674 312 752 signa
325 675 498 754 recipientes
514 675 712 755 insequantur.

218 763 271 825 85.
300 759 366 830 Quo
386 767 541 838 praecepto
561 760 599 821 ab
622 761 658 821 iis
686 760 903 839 diligentissime
929 760 1095 834 observato,
1123 779 1191 822 eum

131 843 285 924 quaepiam
300 845 408 905 cohors
422 863 457 905 ex
472 845 543 906 orbe
553 838 720 906 'excesserat
734 853 820 924 atque
833 846 975 924 impeturn
996 846 1113 918 lecerat,
1132 846 1189 906 bo·

132 937 191 990 stes
205 928 391 990 velocissime
401 929 588 1008 refugiebant.
615 930 733 992 Interim
749 949 812 991 eam
827 938 939 1009 partem
954 929 1057 990 nudari
1071 947 1191 991 necesse
1211 945 1226 996 2

131 1021 192 1074 erat
206 1021 234 1074 et
249 1014 284 1075 ab
299 1013 384 1078 latere
404 1022 505 1093 aperto
524 1015 579 1075 tela
598 1010 696 1094 recipi.
726 1016 853 1088 Rursus,
875 1033 941 1076 cum
957 1015 987 1075 in
1002 1033 1069 1074 eum
1085 1015 1191 1088 locum,
1211 1029 1226 1081 3

130 1099 210 1159 unde
224 1106 306 1160 erant
320 1099 441 1176 egressi,
455 1099 559 1160 reverti
575 1109 738 1180 coeperant,
754 1107 782 1160 et
797 1100 832 1160 ab
847 1099 898 1174 iis,
917 1100 967 1178 qui
983 1106 1141 1174 cesserant,
1161 1108 1191 1160 et

131 1184 168 1244 ab
182 1183 227 1257 iis,
243 1183 292 1262 qui
306 1183 431 1262 proximi
443 1191 587 1258 steterant,
603 1184 913 1258 sucumveniebantur3
928 1185 974 1245 sin
985 1191 1081 1246 autem
1092 1185 1191 1246 locum
1211 1193 1228 1244 t

130 1275 228 1329 tenere
242 1267 352 1342 vellent,
367 1287 422 1330 nec
431 1269 529 1329 virtuti
540 1270 622 1330 locus
634 1270 855 1350 relinquebatur,
870 1287 964 1348 neque
975 1269 1010 1330 ab
1021 1277 1099 1330 tanta
1111 1269 1190 1330 mul-

130 1353 252 1414 titudine
267 1353 394 1414 coniecta
410 1354 463 1414 tela
480 1355 705 1416 contorti-vitare
719 1363 864 1434 poterant.
891 1355 1002 1416 'lamen
1016 1361 1061 1415 tot
1074 1355 1190 1415 incum-
1212 1363 1228 1412 5

130 1437 228 1498 modis
244 1438 410 1511 conflictati,
425 1439 523 1498 multis
539 1439 706 1500 vulneribus
722 1439 846 1518 acceptis
861 1439 1034 1500 resistebant
1045 1445 1073 1498 et
1084 1456 1190 1516 magna

129 1530 213 1601 parte
228 1522 285 1582 diei
300 1530 487 1601 consumpta,
508 1541 574 1583 cum
594 1543 610 1584 a
630 1525 724 1603 prima
738 1523 801 1584 luce
816 1524 850 1585 ad
867 1526 971 1584 horam
988 1530 1118 1583 octavam
1133 1541 1190 1600 pu-

131 1614 280 1684 gnaretur,
294 1607 381 1680 nihil,
396 1608 475 1686 quod
489 1607 562 1686 ipsis
577 1617 654 1669 esset
668 1608 835 1686 iudignum,
857 1607 1084 1668 committebant.
1114 1608 1191 1668 Turn
1212 1616 1228 1666 6

131 1692 197 1752 'lito
213 1691 375 1765 Balventio,
395 1691 444 1770 qui
460 1692 610 1770 superiore
625 1710 702 1754 anno
717 1692 848 1771 primum
863 1693 955 1771 pilum
974 1692 1108 1765 duxerat,
1127 1693 1190 1754 viro

130 1775 199 1838 lorti
218 1783 246 1836 et
264 1795 385 1854 magnae
405 1777 597 1851 auctoritatis,
622 1785 778 1856 utrumqne
804 1778 899 1838 lemur
917 1777 1027 1855 tragula
1045 1777 1190 1850 traicitur3

131 1861 257 1934 Quintus
278 1861 436 1934 buconius,
457 1861 587 1922 eiusdem
610 1861 733 1935 ordinis,
758 1861 915 1922 fortissime
939 1880 1088 1941 pugnans,
1118 1861 1189 1924 dum
1212 1870 1226 1921 7

133 1946 330 2006 circumvento
357 1947 416 2005 filio
448 1945 594 2020 subvenit,
625 1947 810 2021 interficitur,
839 1947 945 2007 Lucius
973 1947 1056 2008 Cotta
1081 1947 1191 2026 legatus
1213 1956 1228 2006 8

132 2049 236 2093 omnes
252 2031 388 2092 cohortos
404 2030 580 2110 ordinesque
593 2033 751 2094 adhortans
766 2032 798 2092 in
812 2032 966 2093 adversum
982 2051 1016 2092 os
1029 2031 1118 2093 lunda
1130 2031 1193 2094 vul-

130 2123 259 2178 neratur.

219 2203 271 2266 36.
294 2201 347 2261 His
363 2200 449 2262 rebus
465 2209 617 2280 permotus
633 2201 759 2274 Quintus
772 2201 908 2276 Titurius,
925 2220 992 2262 curn
1006 2201 1110 2281 procul
1119 2200 1192 2288 Ληι-

132 2285 276 2364 biorigem
306 2303 377 2346 suos
407 2285 609 2348 cohortantem
639 2285 851 2366 conspexisset,
887 2287 1076 2364 interpretem
1105 2305 1192 2348 suum

133 2371 249 2431 Gneum
267 2369 442 2449 Pompeium
461 2371 497 2430 ad
518 2388 584 2432 eum
605 2370 693 2432 mittit
707 2379 855 2448 rogatum,
875 2379 908 2431 ut
927 2370 982 2430 sibi
996 2370 1193 2450 militibusque

133 2462 241 2534 parcat.
271 2455 319 2516 llle
340 2454 498 2534 appellatus
513 2456 677 2534 respondit:
699 2456 731 2516 Si
744 2455 810 2515 velit
825 2474 925 2516 secum
941 2455 1078 2533 colloqui,
1093 2455 1193 2529 licere,
1213 2463 1229 2514 2

133 2558 251 2620 sperare
265 2558 282 2600 a
296 2539 479 2601 multitudine
493 2539 642 2619 impetrari
657 2558 758 2620 posse,
778 2541 857 2617 quod
877 2541 913 2601 ad
931 2539 1056 2600 militum
1072 2539 1194 2600 salutem

167 2707 193 2756 4.
219 2706 556 2758 letdtute-aoeerm'totiene
576 2723 636 2757 oau-
726 2707 750 2756 5.
768 2706 906 2756 editorem
922 2710 1051 2757 oetaeum:
1076 2705 1194 2771 1.26,2.

135 2776 189 2826 sale
200 2774 331 2825 Ablutive:
344 2775 385 2824 bei
394 2775 463 2824 ibrer
471 2775 579 2825 leichteu
589 2775 637 2825 Ba-
671 2807 674 2818 ι

134 2843 261 2906 wallnung
276 2844 326 2892 und
343 2842 447 2905 Uebnug
463 2843 546 2892 kdnne
562 2844 637 2892 ibuen

134 2911 192 2960 lucin
211 2910 322 2960 Schaden
339 2912 489 2975 gescbehen.
513 2911 539 2961 S.
558 2909 582 2960 3.
594 2909 636 2975 29,

133 2977 158 3028 2.
169 3005 205 3014 —
215 2993 324 3029 rursus:
336 2979 522 3041 hinwiederum,
536 2980 574 3029 als
585 2977 636 3029 Ge-

134 3053 238 3110 gensatz
260 3062 292 3094 zu
314 3047 369 3096 dem
389 3045 636 3110 Verbergebeudeu3

134 3113 220 3231 regg&
231 3111 272 3229 325?
285 3112 346 3230 {om
364 3185 480 3249 partem.-
502 3183 636 3247 copiarum,

134 3265 198 3314 quae
220 3255 375 3299 excesserat.
408 3248 500 3298 llieser
519 3264 574 3299 war
594 3248 640 3298 aui

133 3317 180 3366 der
191 3315 259 3366 nicht
270 3318 347 3379 mehr,
360 3315 409 3365 wie
417 3317 510 3366 verber
519 3318 551 3366 im
560 3315 636 3366 lirei-

134 3399 173 3447 se,
187 3383 325 3447 gedeckten
338 3383 408 3432 Seite
419 3383 463 3445 (ab
473 3383 553 3434 laetere
562 3399 638 3451 aper·

134 3454 175 3514 to)
210 3452 259 3501 den
293 3450 442 3501 feindlicben
478 3449 637 3501 Gescbossen

132 3518 303 3582 blosgestellt.
328 3518 354 3568 S.
368 3535 400 3568 zu
414 3518 436 3567 l.
450 3517 490 3579 25,
504 3517 528 3568 6.

168 3586 193 3636 3.
212 3589 257 3652 qut
263 3589 381 3653 precatui
390 3590 449 3636 etet.
464 3587 519 3635 sind
532 3585 637 3650 diajeni-

134 3669 190 3718 gen,
203 3653 299 3704 welche
312 3655 400 3717 denen,
413 3653 452 3703 die
465 3654 516 3703 sich
530 3653 638 3704 zuriiclr-

135 3735 260 3786 geznsm,
281 3722 404 3772 zunticbst
424 3723 562 3784 gestanden
583 3722 638 3772 bnt-

80 3801 84 3814 ·
132 3796 190 3853 ten,
207 3789 262 3838 also
278 3790 319 3840 die
338 3789 432 3840 lleiude
449 3804 498 3838 von
511 3791 557 3839 der
569 3789 638 3840 Seite

133 3856 637 3908 ruitGeselrosseubestreicbenlrounteu.

168 3923 193 3974 4.
210 3923 295 3976 locum
312 3929 397 3976 tenere
413 3924 514 3992 calluit,
527 3925 550 3976 d.
563 3925 580 3978 i.
592 3939 638 3975 aua

135 3992 190 4045 dem
201 3990 277 4042 Orbis
289 3993 357 4044 nicht
368 3991 563 4046 berousriiclren.

725 2773 750 2823 6.
768 2777 812 2840 qui
823 2778 939 2842 primum
952 2775 1034 2842 palum
1052 2775 1089 2836 (1.
1109 2773 1151 2838 40,
1165 2775 1192 2838 1)

691 2841 812 2892 disceret.
835 2842 870 2892 Es
884 2843 993 2906 sebaim,
1006 2843 1065 2893 dass
1077 2857 1107 2892 er
1118 2843 1142 2891 iu
1151 2842 1193 2905 je·

691 2925 746 2959 nem
764 2910 839 2960 Jahre
851 2910 1001 2973 ausgedient
1013 2911 1081 2960 batte
1093 2910 1142 2959 und
1155 2909 1193 2960 als

691 2979 810 3028 emeritus
831 2978 871 3027 bei
891 2979 937 3027 der
952 2976 1048 3041 [region
1061 2977 1193 3041 gehlieben

690 3059 751 3162 mir:
788 3113 902 3165 eiusdem
929 3113 1039 3164 ordinata:
1071 3113 1194 3163 ebenlells

690 3181 836 3247 primipilus.
864 3181 949 3234 Ueber
964 3183 1011 3231 den
1029 3179 1113 3232 (lenit.
1130 3197 1151 3231 s.
1171 3179 1193 3230 1.

692 3247 777 3368 18,ῧέ
805 3315 829 3366 2.
852 3331 870 3366 a
883 3315 1046 3367 multitudine
1061 3318 1197 3382 impetrari·

689 3399 776 3452 posse.
802 3383 862 3446 Vgl.
880 3383 921 3446 nt,
943 3383 967 3433 3.
995 3381 1082 3433 ludess
1101 3384 1194 3432 kouute

691 3467 720 3500 cr
740 3452 802 3500 auch
823 3452 886 3500 obne
907 3453 951 3500 das
972 3449 1194 3512 dort'angeliilrrte

691 3517 853 3586 Verb'dltniss
871 3533 899 3568 so
913 3518 1046 3583 spi-eolica,
1065 3519 1096 3566 da
1109 3533 1141 3566 zu
1153 3531 1195 3566 ar·

691 3592 789 3635 werten
801 3599 863 3649 war,
877 3586 935 3635 dass
948 3586 993 3634 des
1005 3585 1195 3634 Barbarenlieer

691 3653 748 3703 dem
764 3652 881 3716 Beleble,
903 3653 950 3702 deu
967 3651 1097 3714 besiegten
1114 3651 1194 3702 Feind

693 3737 725 3771 zu
739 3721 859 3783 soboneu,
877 3720 944 3770 nicht
954 3719 1091 3782 unbedingt
1102 3721 1193 3782 gebor-

693 3788 756 3838 cbeu
767 3789 864 3838 wiirde.
876 3815 912 3824 —·
923 3789 1196 3855 sperma—dupond-

692 3859 719 3908 ιι·
726 3871 811 3922 posse.
835 3854 862 3905 S.
875 3871 907 3906 zu
922 3855 943 3904 1.
956 3853 980 3916 3,
994 3854 1017 3904 8.

728 3923 751 3973 3.
769 3926 983 3974 -eommam'cat
1000 3925 1036 3972 ut
1051 3938 1106 3973 acc.
1130 3922 1194 3974 ilina

693 3992 740 4042 urit
747 3991 794 4041 der
802 3989 1195 4055 Mittuetlungvertundenenur-
