2798 4482
588 341 632 396 w.
656 343 772 394 tt-tt.
1152 345 1212 407 157

155 495 243 556 cessit
262 493 361 568 etiam,
381 495 461 574 quod
475 495 522 556 illa
536 513 605 574 pars
619 495 762 574 equitatus
778 494 933 575 Usipetum
952 503 982 556 et
994 497 1213 571 Tencterum,

155 598 242 658 quam
257 597 347 657 supra
362 579 589 640 commemorari
604 579 764 658 praedandi
778 580 1031 659 frumentandique
1046 599 1132 642 causa
1147 582 1212 644 Mo·

155 681 219 724 sam
237 663 380 724 transisse
398 681 492 742 neque
510 664 621 742 proelio
640 663 820 744 interfuisse,
840 671 910 743 post
929 665 1027 743 lugam
1041 675 1165 726 suorum
1180 685 1212 726 se

150 757 235 808 trans
255 748 391 808 Rhenum
416 748 447 808 in
467 749 541 808 fines
562 747 794 826 Sugambrorum
812 757 961 828 receperat
979 757 1069 828 seque
1088 768 1156 812 cum
1175 750 1211 811 iis

154 832 351 893 coniunxerat.
385 831 431 892 hd
450 851 525 911 quos
544 850 611 893 oum
626 831 731 893 Caesar
746 833 868 893 nuntios
883 833 1024 906 misisset,
1043 834 1092 912 qui
1106 840 1211 913 postu·
1232 844 1248 894 3

152 915 261 989 larent,
281 935 346 989 eos,
365 916 414 994 qui
429 917 485 976 sibi
500 917 662 996 Galliaeque
676 917 783 978 bellum
798 917 976 990 intulissent,
997 918 1052 979 sibi
1067 919 1211 992 dederent,

153 1002 383 1078 responderunt:
410 1001 516 1080 Populi
534 1001 660 1062 Romani
679 1000 836 1080 imperium
855 1002 991 1063 Rhenum
1011 1003 1107 1062 linire:
1134 1003 1159 1063 si
1179 1022 1211 1063 se
1231 1009 1248 1059 4

153 1084 244 1145 invito
260 1085 422 1146 Germanos
437 1085 467 1146 in
480 1086 598 1147 Galliam
612 1085 737 1146 transire
751 1104 812 1145 non
823 1105 948 1165 aequum
959 1086 1143 1159 existimaret,
1159 1105 1212 1148 cur

152 1169 198 1229 sui
219 1170 375 1248 quicquam
393 1189 459 1231 esse
478 1170 593 1249 imperii
612 1177 662 1232 aut
680 1170 834 1248 potestatis
854 1178 935 1231 trans
950 1170 1085 1232 Rhenum
1104 1179 1210 1249 postu-

152 1251 247 1314 laret?
276 1253 342 1315 Ubii
357 1262 466 1327 autem,
485 1256 534 1332 qui
548 1255 600 1316 uni
615 1273 650 1315 ex
665 1254 897 1315 Transrhenanis
912 1256 949 1316 ad
963 1255 1114 1316 Caesarem
1129 1256 1209 1334 lega·
1231 1264 1246 1314 5

152 1345 200 1399 tos
219 1337 375 1411 miserant,
395 1339 550 1400 amicitiam
565 1341 707 1411 fecerant,
728 1339 850 1400 obsides
862 1339 1013 1412 dederent,
1032 1358 1211 1419 magnopere

154 1423 289 1498 orabant,
308 1431 340 1484 ut
354 1422 408 1483 sibi
424 1423 560 1484 auxilium
574 1425 674 1496 ferret,
694 1423 772 1500 quod
787 1424 909 1501 graviter
923 1423 959 1484 ab
975 1423 1078 1484 Suebis
1093 1443 1210 1502 preme-

153 1514 268 1580 rentur3
289 1508 347 1579 vel,
362 1507 387 1566 si
402 1507 431 1567 id
447 1507 540 1568 lacere
555 1507 795 1585 occupationibus
810 1507 983 1585 reipublicae
998 1508 1209 1586 prohiberetur,
1230 1517 1247 1567 6

153 1591 310 1651 exercitum
322 1590 412 1652 modo
424 1592 560 1653 Rhenum
570 1598 794 1669 transportaret:
806 1591 835 1651 id
847 1591 902 1651 sibi
914 1591 950 1650 ad
961 1591 1098 1652 auxilium
1109 1611 1209 1670 spem·
1272 1665 1277 1670 ἱ

130 1673 209 1753 *que
228 1675 331 1754 reliqui
350 1676 491 1754 temporis
511 1676 580 1737 satis
600 1676 741 1737 luturum.
771 1675 897 1736 Tantum
917 1694 982 1735 esse
1000 1692 1110 1735 nomen
1125 1683 1210 1754 atque
1231 1683 1246 1733 't

154 1759 325 1838 opinionem
339 1759 401 1821 eius
416 1760 557 1821 exercitus
568 1759 713 1820 Ariovisto
728 1759 815 1838 pulso
830 1768 860 1820 et
872 1760 931 1820 hoc
944 1758 1105 1820 novissimo
1121 1779 1210 1838 proc-

154 1843 194 1903 lio
209 1845 285 1904 laeto
300 1842 386 1905 etiem
402 1845 437 1906 ad
452 1845 568 1905 ultimas
581 1844 793 1904 Germanorum
809 1844 956 1916 nationes,
969 1844 1013 1906 uti
1027 1843 1168 1923 opinione
1183 1851 1212 1904 et

153 1928 278 1989 amicitia
296 1928 398 2007 populi
412 1929 537 1990 Romani
556 1929 611 1990 tuti
629 1946 694 1989 esse
710 1928 837 2007 possint.
866 1928 986 1990 Navium
1007 1945 1143 2007 magnam
1158 1946 1210 1990 cc·
1230 1937 1246 1988 e

153 2012 232 2091 piam
247 2012 283 2073 ad
296 2013 559 2092 transportandum
573 2013 730 2075 exercitum
744 2012 961 2091 pollicebantur.

238 2103 292 2165 17.
325 2097 429 2158 Caesar
453 2098 499 2158 his
525 2098 688 2171 decausis,
714 2115 786 2176 quas
807 2095 1047 2168 commemoravi,
1073 2096 1210 2176 Rhenum

153 2181 280 2243 transire
298 2182 473 2258 decreverat3
496 2182 548 2243 sed
566 2183 688 2244 navbus
703 2182 827 2244 transire
841 2200 936 2262 neque
950 2180 1020 2242 satis
1035 2189 1131 2244 tutum
1146 2199 1211 2242 esse

188 2347 213 2397 2.
232 2363 326 2416 cupra:
337 2364 359 2398 e.
372 2349 397 2414 e,
411 2349 435 2399 3.
710 2349 782 2401 Brut.
803 2348 832 2414 2,
848 2349 876 2399 6:
900 2351 976 2414 pueri
994 2349 1124 2398 theatrum
1142 2348 1211 2399 illius

188 2415 214 2464 4.
232 2430 322 2466 cur-
328 2416 485 2483 postularet:
498 2417 556 2466 dass
568 2417 657 2480 irgend
709 2419 814 2482 ingenti.
829 2443 864 2453 -
880 2417 916 2467 ad
928 2415 975 2466 ult.
990 2419 1058 2466 nat:
1075 2415 1099 2465 3.
1112 2415 1136 2478 9,
1149 2415 1165 2464 3
1177 2437 1212 2457 --

156 2489 235 2532 etwas
249 2483 358 2546 jenselts
374 2485 419 2534 des
431 2483 478 2533 Rh.
494 2491 570 2534 untcr
586 2485 656 2534 selne
710 2483 752 2532 bei
764 2484 827 2533 oder
842 2499 923 2548 usque
938 2481 982 2546 ad,
1000 2482 1083 2532 indcm
1098 2483 1139 2531 die
1151 2487 1211 2544 pute

157 2549 655 2619 Oberboheit(impertum)odergesetz-
711 2549 831 2614 llleinung
853 2549 907 2599 sich
935 2549 1073 2614 erstreekt,
1100 2552 1213 2616 perterret

156 2617 229 2680 liobe,
250 2619 365 2668 amtliche
386 2617 487 2668 Gewalt
505 2618 564 2680 (wie
585 2619 658 2667 einer
710 2617 747 2667 ad
761 2641 812 2680 —,
834 2611 979 2682 wie-netis
998 2616 1049 2666 und
1069 2614 1117 2670 els-
1145 2615 1211 2665 Plat.

156 2683 405 2751 Magistretspersom
415 2686 542 2754 potestas)
554 2687 656 2749 gebdre,
712 2683 790 2748 Gorg.
809 2683 859 2734 526
875 2683 907 2732 B:
924 2677 1071 2752 ἐλλόγιμος
1086 2679 1100 2734 ὲ
1120 2685 1212 2748 ίγνετο

156 2766 210 2800 was
222 2767 252 2801 er
263 2753 340 2803 durch
353 2753 439 2804 seinen
454 2751 542 2802 Belehl
558 2767 591 2802 zu
603 2753 656 2803 zei·
712 2749 752 2808 εὶς
760 2746 825 2806 τοὺς
833 2743 1078 2813 ἄλλουςἝλληνας.
1115 2749 1212 2800 ehnlicb

157 2834 204 2881 gen
228 2819 322 2869 scbien.
348 2819 402 2870 Der
422 2818 507 2871 Genit.
527 2835 577 2870 von
601 2836 658 2870 eece
712 2820 834 2884 sprecben
857 2817 977 2881 librigens
1004 2817 1044 2867 die
1068 2815 1213 2868 Galliscben

155 2885 291 2949 ebhiingig,
308 2887 377 2937 nicht
390 2903 440 2937 von
452 2891 595 2954 quicquum,
613 2888 658 2938 das
712 2886 844 2953 Principes
858 2885 881 2934 1.
895 2885 926 2935 31
939 2899 962 2935 a.
975 2883 1006 2934 E.

157 2954 221 3002 ohne
239 2955 356 3018 vorberg.
372 2953 463 3018 Negat.
480 2957 549 3005 steht
568 2969 658 3018 wegen
748 2945 800 3006 17·
820 2954 842 3003 1.
860 2954 901 3003 bie
913 2953 1049 3003 decausis.
1067 2951 1213 3004 Nebstdem

157 3021 201 3070 des
214 3020 317 3086 Sineres,
335 3023 381 3072 der
395 3022 421 3072 iu
434 3023 480 3072 der
491 3021 575 3086 Frage
587 3023 658 3084 liegt.
714 3020 825 3084 Grunde‚
837 3021 876 3071 die
889 3019 1031 3072 Germancn
1043 3020 1213 3090 abzusebrek-

190 3087 215 3138 6.
236 3093 503 3159 occupationee'rerp..·
518 3088 658 3139 Bescbdlti·
713 3089 774 3153 len,
791 3103 847 3140 wer
856 3089 924 3138 wohl
940 3089 985 3138 das
998 3087 1151 3152 Wicbtigste
1168 3088 1215 3136 der

157 3170 256 3218 gangen
277 3156 322 3206 des
339 3155 453 3219 Staatcs,
474 3158 498 3207 d.
511 3158 535 3206 b.
552 3158 593 3207 die
613 3157 660 3206 der
713 3155 836 3220 Wunscb,
848 3156 926 3206 durch
938 3157 985 3205 den
994 3154 1143 3219 Ucbergang
1151 3154 1215 3204 iiber

158 3222 231 3272 Staat
253 3222 357 3273 iordert.
387 3223 412 3274 S.
425 3223 471 3289 22,
484 3222 509 3274 2.
533 3224 557 3274 5.
570 3224 616 3288 54,
628 3224 657 3273 4:
713 3225 761 3274 den
773 3223 852 3274 llbein
865 3224 905 3288 (er
915 3223 950 3273 ist
961 3223 1007 3272 der
1017 3222 1103 3287 Erste,
1116 3223 1162 3272 der
1172 3222 1214 3271 ibn

159 3287 248 3340 dubet
257 3289 315 3341 betti
324 3291 428 3356 officiis.
713 3291 876 3355 iiberscbritt)
890 3291 940 3340 und
953 3291 1029 3339 durch
1039 3290 1112 3341 einen
1121 3288 1177 3351 Zug
1189 3288 1214 3338 in

191 3358 216 3406 7.
233 3371 326 3408 nornen
337 3362 413 3424 atque
429 3361 573 3427 ophionem
583 3373 660 3408 ecer-
713 3359 758 3408 das
768 3357 840 3408 Laud
856 3359 903 3409 der
917 3357 1093 3420 gehirebteten
1109 3354 1215 3405 Germa-

158 3427 240 3474 ct'tue:
256 3426 302 3474 der
317 3424 396 3476 Nmne
413 3427 463 3476 und
479 3427 519 3475 die
531 3425 659 3490 bleinnng,
684 3447 688 3452 ·
713 3441 761 3474 nen
774 3426 825 3475 sich
837 3425 887 3473 und
899 3421 1124 3486 seinenLegioncn
1134 3437 1214 3472 neuen

158 3491 254 3541 welche
271 3493 316 3542 das
332 3491 400 3542 Hecu
415 3492 455 3542 bei
472 3493 591 3542 Anderen
608 3494 659 3556 bat,
713 3491 793 3542 Ruhm
804 3507 837 3540 zu
849 3491 977 3553 erringen.
996 3490 1048 3539 ller
1059 3489 1149 3550 Eriolg
1160 3503 1215 3538 war

159 3559 186 3608 in
200 3559 246 3610 der
262 3574 290 3610 es
311 3561 392 3622 steht,
413 3561 462 3610 wie
480 3561 590 3610 nachber
606 3561 661 3628 opi·
713 3558 901 3621 unbedeutcnd,
919 3558 965 3607 der
976 3557 1104 3606 Eindruek
1120 3554 1166 3605 aul
1175 3556 1215 3606 die

157 3626 659 3695 nimepopadillommri.-eiue((laesa·
715 3626 811 3676 liffentl.
835 3623 957 3686 Meinung
978 3625 1019 3674 die
1043 3623 1237 3688 Hauptsechee·

159 3693 210 3756 ris)
227 3697 371 3760 emeretur,
388 3695 429 3743 ein
447 3692 592 3745 (lenitum
605 3695 660 3744 dem
713 3697 779 3744 satir
791 3692 860 3743 etad
869 3692 993 3742 laudem
1003 3693 1028 3740 el
1037 3689 1216 3742 aduttldotem

158 3762 270 3811 anderen
290 3761 449 3826 abbdngend,
469 3762 519 3811 wie
538 3761 560 3812 1.
575 3761 619 3826 12,
631 3761 659 3810 7:
712 3761 862 3830 profectum
874 3775 895 3808 e.
910 3759 941 3808 19
953 3773 976 3808 a.
988 3757 1017 3807 ll.

159 3831 215 3878 eius
227 3831 311 3879 soceri
320 3845 405 3879 mum.
418 3829 442 3878 6.
456 3828 497 3892 29,
507 3829 535 3878 5:
548 3832 603 3879 eur
613 3828 660 3879 nd·
747 3843 828 3892 neque
843 3829 909 3876 eab'e
925 3829 1019 3876 tutum.
1042 3825 1086 3876 Bel
1102 3825 1148 3874 der
1164 3824 1215 3877 Ue·

158 3899 250 3945 centur
267 3897 430 3964 er'gauficatio.
454 3895 506 3946 (lic.
523 3895 623 3963 pSull.
638 3895 660 3959 1,
714 3893 828 3944 berlubrt
862 3893 908 3943 aul
939 3892 1072 3942 einzelnen
1105 3892 1214 3944 Sebiffen

159 3961 188 4012 2:
199 3975 258 4014 cum
265 3962 341 4014 tusus
346 3962 456 4032 perterrti
459 3963 661 4033 proprdeatione.
714 3961 826 4012 honnten
838 3960 880 4012 die
891 3959 986 4012 Feinde
998 3961 1105 4012 leicbter
1114 3960 1215 4025 ungrei-
