2816 4468
555 343 609 399 vu.
628 343 746 396 ezr-so.
997 400 1001 411 ,
1116 349 1179 412 297

118 507 203 572 sunt3
218 497 335 560 obsides
350 497 497 560 civitatum
512 497 644 560 Bibracte
658 497 694 558 ad
708 495 912 576 magistratum
927 499 1113 562 deducendos
1128 521 1179 564 cu·
1200 515 1216 566 6

118 591 268 657 raverunt3
289 583 446 662 oppidum,
466 584 551 662 quod
564 583 600 644 ab
615 602 647 643 se
661 582 754 643 teneri
767 600 829 644 non
844 602 934 663 posse
947 583 1124 659 iudicabant,
1142 579 1216 648 net

119 669 166 730 cui
185 675 262 729 esset
280 667 347 730 usui
361 667 518 742 Romanis,
537 667 744 741 incenderunt3
763 668 902 728 frumenti
918 669 997 748 quod
1012 669 1109 730 subito
1124 689 1180 749 po·
1201 681 1217 732 8

117 761 240 816 tuerunt
252 753 375 814 navibus
391 761 556 826 avexerunt,
571 753 714 832 reliquum
729 753 849 814 flumine
863 761 948 832 atque
963 753 1097 816 incendio
1114 773 1182 816 cor·

118 844 271 918 ruperunt.
304 837 364 916 Ipsi
383 856 419 898 ex
438 837 568 898 finitimis
587 837 756 916 regionibus
776 838 875 917 copias
896 857 1013 916 cogere,
1038 839 1182 919 praesidia
1201 847 1217 897 9

120 922 327 1001 custodiasque
346 923 381 982 ad
401 921 480 1000 ripas
499 922 610 1000 Ligeris
632 922 789 1001 disponere
808 923 1024 1002 equitatumque
1044 925 1182 986 omnibus

118 1008 192 1069 locis
210 1006 347 1068 iniciendi
365 1005 480 1066 timoris
501 1026 587 1068 causa
607 1015 753 1068 ostentare
772 1016 943 1087 coeperrmt,
967 1009 993 1069 si
1012 1009 1047 1070 ab
1067 1027 1099 1070 re
1119 1011 1182 1084 iru-

118 1091 262 1153 mcntaria
276 1093 428 1153 Romanos
449 1092 599 1152 excludere
619 1100 667 1152 aut
682 1091 823 1154 adductos
838 1093 938 1172 inopia
956 1092 987 1153 in
1001 1093 1181 1172 provinciam

119 1176 263 1255 expellere
282 1183 412 1255 possent.
448 1170 542 1248 Quam
562 1177 598 1236 ad
613 1195 697 1256 spem
712 1177 837 1238 muitum
852 1197 904 1238 eos
919 1178 1082 1251 adiuvabat,
1102 1179 1181 1257 quod
1205 1189 1235 1240 10

120 1261 206 1339 Liger
220 1279 255 1321 ex
269 1261 382 1323 nivibus
398 1270 536 1336 creverat,
551 1269 584 1322 ut
599 1261 721 1322 omnino
737 1261 810 1322 vado
826 1280 889 1322 non
903 1281 993 1342 posse
1007 1257 1125 1324 transiri
1138 1262 1183 1324 vi-

120 1347 244 1406 deretur.

107 1436 121 1460 ⁸
207 1436 258 1495 56.
287 1429 401 1502 Quibus
416 1430 504 1491 rebus
519 1429 645 1508 cognitis
656 1428 763 1489 Caesar
777 1431 982 1493 maturandum
998 1432 1052 1492 sibi
1064 1433 1184 1505 censuit,

121 1515 147 1576 si
166 1523 243 1575 esset
261 1513 292 1574 iu
310 1514 495 1593 perficiendis
516 1514 655 1593 pontibus
677 1513 911 1592 periclitandum,
930 1524 962 1584 ut
982 1517 1076 1594 prius,
1096 1535 1184 1594 quam

121 1607 219 1660 essent
233 1599 359 1660 maiores
375 1618 410 1658 eo
427 1606 542 1659 coactae
557 1598 665 1676 copiae,
681 1597 838 1659 dimicaret.
861 1599 935 1662 Nam
949 1618 988 1659 ne
1003 1607 1183 1660 commutato
1204 1604 1220 1653 2

121 1683 243 1744 consilio
264 1683 318 1743 iter
337 1683 368 1769 in
387 1682 569 1761 provinciam
590 1691 781 1757 converteret,
800 1690 834 1744 ut
852 1701 940 1744 nemo
959 1703 1021 1745 non
1040 1692 1104 1745 tum
1119 1683 1185 1763 qui-

121 1769 189 1830 dem
208 1766 374 1827 necessario
394 1765 558 1828 iaciendum
579 1766 773 1841 existimabat,
793 1786 859 1828 cum
875 1768 993 1830 infamia
1008 1777 1094 1848 atque
1108 1767 1185 1829 indi-

77 1883 82 1888 -
120 1853 218 1930 gnitas
237 1851 280 1910 rei
299 1857 331 1911 et·
347 1852 503 1931 oppositus
522 1869 610 1912 mons
626 1851 756 1912 Cevenna
774 1852 945 1932 viarumque
959 1853 1113 1915 difficultas
1127 1853 1185 1914 im·

120 1935 267 2016 pediebat,
286 1943 350 1996 tum
365 1935 502 2009 maxime,
522 1938 602 2015 quod
616 1936 752 1997 abiuncto
767 1937 894 1998 Labieno
911 1947 995 2016 atque
1010 1938 1046 1999 iis
1061 1937 1184 2016 legioni-

119 2021 191 2093 bus,
213 2037 285 2097 quas
304 2037 363 2080 una
382 2020 514 2096 miserat,
538 2023 724 2082 vehementer
742 2015 869 2083 timebat.
905 2023 1005 2102 Itaque
1025 2023 1184 2084 admodum
1205 2037 1220 2086 3

120 2104 235 2182 magnis
251 2104 362 2164 diurnis
377 2107 588 2184 nocturnisque
608 2105 760 2168 itineribus
776 2108 916 2169 consectis
932 2115 1034 2169 contra
1050 2108 1185 2169 omnium

122 2189 293 2269 opinionem
308 2190 343 2250 ad
358 2190 493 2268 Ligerem
506 2191 593 2265 venit,
607 2193 737 2269 vadoque
753 2211 805 2273 per
820 2192 931 2271 equites
946 2193 1063 2254 invento
1075 2212 1130 2272 pro
1142 2192 1184 2254 rei
1204 2206 1221 2258 4

121 2273 293 2352 necessitate
313 2283 498 2353 opportuno,
519 2284 552 2338 ut
569 2276 686 2338 brachia
705 2278 796 2337 modo
812 2285 898 2356 atquo
911 2278 1028 2340 humeri
1042 2280 1077 2339 ad
1094 2277 1185 2338 susti-

121 2359 218 2419 nenda
237 2377 317 2419 arma
335 2360 417 2421 liberi
437 2361 473 2422 ab
488 2378 562 2438 aqua
577 2380 642 2422 esse
657 2370 792 2440 possent,
814 2361 959 2439 disposito
975 2362 1116 2441 equitatu,
1135 2362 1185 2440 qui

121 2444 181 2504 vim
196 2443 325 2503 fluminis
340 2445 522 2523 refringeret,
538 2452 622 2523 atque
636 2445 771 2506 hostibus
785 2445 882 2523 primo
899 2453 1018 2524 aspectu
1031 2445 1185 2524 perturba·

121 2528 160 2590 tis
181 2527 537 2589 incolumem'exercitum
558 2529 684 2590 traduxit
701 2531 939 2608 frumentumque
953 2529 984 2589 in
999 2529 1075 2608 agris
1090 2538 1118 2590 et
1132 2549 1186 2608 pe·
1206 2546 1222 2594 5

88 2748 91 2752 ,
158 2695 183 2746 9.
202 2698 227 2745 ri
240 2723 274 2732 -
287 2700 408 2812 possent.-
429 2695 454 2753 6,
466 2696 513 2758 29,
530 2696 554 2746 4,
579 2695 627 2746 bre
681 2697 727 2748 mit
736 2698 824 2748 scinco
836 2697 965 2761 Legiones
977 2697 1101 2761 auigeben
1112 2697 1187 2747 woll-

123 2764 227 2814 {lidron
235 2763 285 2812 wol
297 2771 348 2826 ton,
359 2763 416 2813 dass
426 2765 466 2814 die
475 2764 569 2814 Rdmer
579 2779 627 2814 von
682 2772 721 2826 te3
736 2779 765 2815 er
776 2773 871 2816 musste
882 2767 960 2816 deber
969 2765 1130 2828 notbwendig
1139 2765 1187 2814 den

123 2832 192 2882 allen
205 2829 292 2880 Saiten
305 2831 426 2894 umringt,
438 2835 488 2884 und
501 2848 550 2883 von
563 2832 629 2882 aller
683 2832 833 2897 Ucbergang
853 2834 918 2883 iiber
937 2835 985 2883 den
1002 2832 1079 2897 Liger
1097 2832 1187 2883 durch·

124 2898 224 2949 Zuiubr
256 2898 458 2962 abgescbnitten,
498 2900 629 2964 gondtbigt
684 2908 782 2950 setzen.

123 2966 630 3028 wiirden,sicbausdemsreieanllien
721 2985 760 3035 10,
780 3003 815 3036 σω
825 2984 1090 3038 nggggummffi
1118 2984 1187 3035 1,..

125 3034 150 3083 in
163 3033 204 3082 die
216 3032 325 3083 Provinz
341 3035 573 3099 zuriickzuziebcn3
592 3035 629 3086 sie
684 3054 750 3105 „ado
763 3058 883 3108 guum.
898 3054 920 3104 1,
933 3053 950 3104 g
971 3054 987 3102 2
1096 3023 1103 3051 '

125 3101 231 3150 wollten
249 3101 286 3151 sie
302 3102 356 3152 also
369 3104 496 3170 expellere
515 3105 630 3168 (binens-
718 3135 759 3196 56
789 3145 804 3195 2
831 3093 958 3198 abffm'
966 3093 1091 3196 Labieno·
1108 3143 1141 3194 34
1162 3143 1178 3193 2

761 3175 770 3195 0
809 3184 814 3196 ι
1082 3183 1088 3195 0
1143 3183 1149 3208 5
1181 3182 1188 3195 ο

125 3168 239 3231 treiben)
256 3171 629 3248 inproeancr'am‚=efficere,
722 3217 727 3228 ,
1018 3214 1024 3225 .
1098 3213 1104 3225 .

125 3243 155 3286 ut
171 3236 271 3286 adducti
289 3237 371 3301 inopia
383 3238 408 3286 in
422 3239 575 3303 provinciam
587 3254 629 3288 re·
684 3217 824 3280 abiungere
836 3215 930 3265 k⁰¹¹¹¹¹¹t
942 3229 990 3264 '¹¹¹‘
1001 3215 1056 3263 ΜΓ
1065 3214 1106 3263 ¹³⁰¹
1116 3211 1189 3263 (Μ’

127 3303 218 3354 dirent.
242 3302 289 3353 Die
302 3303 405 3353 Htiduer
416 3306 510 3356 bodben
523 3307 577 3356 dics
589 3321 631 3354 um
684 3283 733 3331 ¹¹¹¹d
746 3284 807 3332 auch
821 3289 893 3332 ⁸⁰¹¹st
905 3282 988 3332 seiten
999 3297 1055 3331 Μ’

128 3371 248 3433 somam,
262 3371 292 3419 da
304 3371 350 3419 dor
361 3370 445 3436 Liger,
459 3374 523 3422 iiber
533 3373 581 3422 den
594 3373 631 3422 sie
719 3372 744 3422 4.
767 3373 892 3439 disposito
910 3375 1032 3437 eqrcitatrr.
1062 3369 1189 3420 Gewdbn·

127 3439 168 3490 die
180 3436 273 3487 Rdmer
286 3437 353 3486 nicht
365 3446 454 3488 setzen
463 3441 548 3490 lassen
557 3439 632 3489 woll-
684 3439 734 3490 lieb
747 3440 849 3490 stellten
863 3439 916 3488 sich
928 3438 969 3488 bei
981 3437 1083 3486 soicben
1093 3435 1190 3487 Ueber·

126 3513 180 3565 ten,
190 3504 250 3553 weil
260 3503 298 3553 sie
308 3505 359 3553 sicb
369 3507 433 3556 donn
442 3506 488 3557 auf
494 3508 549 3557 dem
559 3507 633 3558 rech·
685 3507 784 3569 gingon
796 3506 836 3556 die
846 3505 935 3556 Reiter
946 3506 972 3554 in
984 3505 1048 3554 zwei
1061 3504 1190 3554 Colonncn

126 3570 241 3624 tenUicr
249 3565 559 3640 hutteu'verprovientiren
568 3574 633 3624 kou·
685 3572 737 3636 aui,
747 3574 823 3622 durcb
833 3574 924 3623 diadas
932 3571 1061 3622 Fussvoik
1069 3571 1190 3621 bindurcb

128 3657 191 3703 nen,
213 3639 281 3688 nicht
301 3655 334 3689 zu
353 3641 468 3706 passircu
490 3656 558 3694 war„
583 3642 630 3705 (So
687 3641 759 3704 ging,
777 3657 805 3690 so
823 3641 883 3690 dass
895 3640 936 3690 die
948 3641 1005 3690 eine
1018 3639 1128 3689 Colonne
1140 3639 1190 3688 den

126 3709 194 3760 wird
206 3708 247 3758 die
261 3706 340 3758 Suebo
352 3708 498 3774 sorbebit,
513 3708 525 3758 1
539 3708 577 3759 als
587 3725 633 3759 an·
687 3709 773 3758 Strom
781 3709 826 3758 des
834 3707 942 3758 Flusscs
951 3707 1035 3771 bracb,
1047 3707 1087 3756 die
1097 3706 1191 3756 audere

129 3776 226 3840 gebliob
256 3776 396 3837 gescbeben
425 3777 482 3826 dem
507 3774 633 3828 Labienus
688 3775 769 3840 Alios,
782 3791 836 3826 was
849 3775 1014 3839 iortgerissen
1027 3773 1192 3838 wurde,aui·

130 3842 308 3907 dargesteilt.)
349 3843 377 3894 C.
409 3844 503 3894 konnte
533 3842 634 3896 Gallico
688 3845 753 3909 fing,
775 3858 830 3894 was
846 3844 875 3894 C.
891 3843 1047 3906 wenigstcns
1064 3842 1133 3892 nicbt
1148 3856 1190 3892 er-

128 3911 201 3968 ,nicht
223 3912 341 3973 momen,
365 3926 439 3962 wenn
462 3927 492 3961 er
514 3927 543 3961 cs
567 3911 635 3962 nicht
688 3912 786 3975 wiibnt‚
808 3912 839 3962 da
856 3927 885 3961 cr
902 3926 949 3960 nur
962 3926 1013 3962 von
1025 3912 1072 3960 der
1082 3909 1192 3960 Abwebr

131 3977 174 4029 seir
191 3977 279 4030 immor
295 3979 423 4030 verlieren
442 3979 493 4030 und
508 3979 634 4030 Labienus
689 3981 735 4030 dor
747 3977 849 4031 Gewalt
859 3979 904 4030 des
916 3977 1039 4030 Wussers
1051 3977 1153 4045 spricbt.
