2798 4482
1141 269 1200 332 1se
1255 232 1275 272 ”

145 417 310 496 reliquerat,
329 418 365 481 ad
381 417 452 479 soiis
468 437 604 481 oceasum
618 438 707 482 neves
722 420 807 482 solvit
821 428 850 480 et
862 421 921 482 leni
934 419 1032 482 Africo
1048 429 1202 502 provectus

145 502 239 564 media
255 501 367 564 ebciter
380 511 466 565 nocte
480 511 565 564 vento
581 504 748 566 intermisso
765 523 883 566 cursum
898 523 961 566 non
980 507 1073 566 tenuit
1092 515 1120 568 et
1134 507 1201 566 lon-

145 587 209 664 gius
226 587 335 648 deiatus
350 595 432 650 aestu
446 596 509 650 orta
523 589 586 649 luce
597 591 652 651 sub
667 589 783 650 sinistre
798 590 976 651 Britanniam
987 591 1117 652 relictam
1129 609 1201 652 con·
1284 596 1287 601 “

145 671 246 751 spexit.
278 672 352 732 Tum
372 691 475 734 mrsus
495 681 592 736 aestus
612 668 869 736 commutationem
888 684 1004 735 secutus
1023 675 1112 736 remis
1128 694 1200 736 oon·
1222 683 1238 734 3

144 757 248 830 tendit,
267 764 300 816 ut
314 777 378 818 eam
392 769 505 836 portem
519 758 629 820 insulae
643 770 770 840 caperet,
792 778 848 838 qua
863 759 1007 838 optimum
1023 779 1087 820 esse
1102 757 1200 838 egres-

144 861 212 918 sum
227 841 378 920 superiore
393 850 499 904 aestate
514 854 697 922 cognoverat.
732 845 795 918 Qua
809 844 838 904 in
854 863 886 904 re
901 845 1060 905 admodum
1076 845 1200 906 iuit‘mi-
1221 855 1238 905 4

143 926 227 988 litum
245 926 337 986 virtus
350 927 505 1002 laudanda,
525 929 573 1006 qui
588 929 720 990 vectoriis
736 929 927 1008 gravibusque
941 929 1061 1007 navigiis
1077 947 1138 990 non
1153 929 1200 990 in-

143 1011 281 1072 termisso
297 1011 565 1090 remigandilabore
574 1013 728 1092 longarum
739 1014 855 1076 narium
867 1033 985 1076 cursum
996 1015 1199 1093 adaequarunt.

143 1096 302 1157 Accessum
321 1106 365 1156 est
389 1097 425 1157 ad
444 1097 622 1158 Britanniam
648 1098 784 1160 omnihus
809 1098 929 1160 navibus
954 1097 1116 1160 meridiano
1140 1100 1200 1160 iere
1221 1112 1236 1161 5

143 1188 285 1262 tempore,
299 1199 393 1260 neque
407 1181 438 1242 in
453 1201 487 1242 eo
502 1183 568 1243 ioco
583 1183 678 1244 bostis
693 1191 738 1244 est
752 1183 845 1258 visus;
860 1185 920 1257 sed,
936 1193 968 1245 ut
982 1190 1085 1263 postea
1096 1183 1200 1244 Caesar
1221 1199 1236 1250 6

143 1284 179 1328 ex
193 1264 312 1342 captivis
333 1267 481 1343 cognovit,
502 1287 567 1328 cum
583 1286 704 1346 magnae
718 1287 824 1329 manus
839 1288 873 1330 eo
890 1269 1107 1342 convenissent,
1122 1268 1199 1328 mul-

141 1349 265 1412 titudine
293 1349 409 1410 navium
437 1351 617 1428 perterritae,
648 1372 720 1434 quae
750 1372 816 1414 cum
843 1353 988 1414 annotinis
1013 1352 1200 1432 privatisque,

142 1453 215 1513 qrres
230 1433 276 1496 sui
291 1434 412 1513 quisque
427 1435 575 1496 commodi
589 1438 703 1509 iecerat,
718 1437 842 1516 amplius
855 1437 1036 1514 octingentae
1046 1456 1107 1499 uno
1120 1445 1202 1498 eraut

142 1519 219 1580 visae
237 1527 384 1599 tempore,
404 1538 420 1580 e
438 1519 524 1580 litore
540 1519 736 1582 discesserant
754 1540 787 1581 ao
806 1540 837 1580 se
856 1521 887 1580 in
902 1521 1054 1600 superiora
1067 1523 1131 1582 loca
1148 1521 1200 1582 ab·

142 1604 283 1664 diderant.

147 1767 150 1774 ,
228 1693 260 1754 3.
283 1688 387 1749 Caesar
401 1687 534 1768 exposito
550 1689 676 1753 exercitu
691 1696 720 1750 et
734 1688 799 1750 loco
812 1689 1030 1750 castrisidoneo
1041 1697 1137 1768 capto,
1153 1687 1202 1750 ubi

80 1815 82 1818 ψ
143 1793 178 1833 ex
198 1771 318 1852 captivis
338 1773 487 1850 cognovit,
507 1793 565 1852 quo
584 1774 615 1834 in
633 1775 699 1835 loco
722 1773 852 1834 hostium
872 1773 972 1852 copiae
992 1774 1201 1850 consedissent,

143 1857 313 1920 cohortibus
329 1877 347 1917 x
362 1859 397 1918 ad
412 1875 492 1918 mare
506 1859 612 1920 relictis
628 1867 656 1920 et
671 1858 814 1938 equitibus
831 1877 896 1930 ooo,
916 1859 965 1938 qui
985 1859 1130 1938 praesidio
1146 1877 1201 1920 na-

142 1942 225 2004 vibus
240 1951 345 2014 essent,
361 1943 396 2002 de
410 1942 493 2002 tertia
508 1943 601 2022 vigilia
615 1944 651 2004 od
665 1945 765 2004 hostes
777 1943 926 2004 contendit
936 1964 971 2006 eo
983 1945 1081 2005 minus
1091 1943 1201 2004 veritus

142 2027 276 2100 navihuS,
296 2027 373 2106 quod
393 2025 424 2086 in
443 2027 526 2088 litore
545 2028 625 2088 molh'
640 2037 724 2108 atque
739 2036 839 2108 aperto
860 2029 995 2107 deligatus
1012 2029 1046 2090 ad
1062 2047 1217 2094 ancoram„

698 2212 735 2262 sie
748 2228 769 2262 c.
785 2211 807 2275 1,
820 2211 835 2260 2
852 2211 888 2262 ad
903 2228 993 2278 onera,
1010 2212 1045 2263 ud
1059 2213 1201 2264 teutotoni-

697 2296 755 2329 nem
776 2283 950 2330 trementorum
971 2281 1199 2347 transportandum

140 2228 258 2278 numero,
270 2228 358 2278 quem,·
378 2229 401 2262 a.
414 2213 441 2262 h.
454 2213 479 2276 4,
492 2212 532 2278 36,
546 2213 574 2262 4:
587 2229 644 2263 aos-

143 2280 212 2346 dem,
230 2296 293 2346 quos
310 2279 456 2346 33114141-
472 2297 578 2332 cursum
592 2296 644 2330 non

144 2352 238 2400 renuet.-
255 2347 279 2398 4.
292 2347 333 2408 26,
346 2349 370 2397 5.
382 2375 416 2384 -
428 2353 466 2398 et:
482 2348 506 2397 4.
520 2347 560 2410 35,
573 2347 597 2397 2.
609 2375 644 2384 -

138 2416 343 2468 delatusuestn:
360 2417 437 2465 durch
450 2417 489 2466 die
501 2415 589 2478 Fluth,
603 2415 643 2464 die

143 2485 176 2534 im
186 2483 265 2536 Capul
276 2499 326 2533 von
339 2483 488 2534 Siidwesteu
501 2483 601 2545 hommt,
615 2499 643 2532 so

143 2552 203 2602 dass
223 2551 278 2602 also
298 2551 325 2600 C.
346 2567 395 2600 von
420 2552 466 2601 der
486 2550 562 2600 Fiuth
581 2551 644 2600 nach

143 2617 288 2669 Nordosten
299 2618 430 2682 gctrieben
440 2620 527 2668 wurde
538 2619 587 2667 und
597 2619 645 2668 ruit

143 2687 190 2738 der
210 2687 291 2750 Ehbe,
312 2690 401 2738 uectus
421 2689 645 2736 emnnrutotionem

144 2759 259 2820 sewius,
276 2755 371 2804 wieder
389 2753 549 2804 zuriiekiuhr.
579 2753 644 2802 Dass

143 2837 174 2872 er
205 2823 359 2873 norddstlieh
387 2821 518 2884 getrieben
548 2822 643 2884 wurde,

144 2890 213 2952 zeiqt
232 2891 309 2940 schoa
326 2890 372 2940 der
387 2890 518 2953 Urastand,
539 2890 598 2940 dass
615 2903 645 2938 er

144 2957 289 3008 Britannico
307 2973 353 3008 zur
364 2957 460 3008 Linheu
477 2959 560 3021 lisgen
572 2958 642 3008 lices.

144 3053 178 3062 -
194 3028 242 3076 sub
258 3029 377 3075 murtro.-
398 3027 445 3076 ‘en
463 3026 515 3076 aito
536 3028 645 3076 uncum·

143 3096 278 3160 spicientes
299 3096 551 3159 proeternurr'gotam
575 3093 644 3144 tide·

145 3160 376 3210 hontBritmtmizm
383 3163 430 3212 sub
443 3164 550 3212 sinteino
559 3165 644 3212 iucen-

145 3225 213 3278 tsrn’.
231 3227 347 3276 Schneid.

179 3294 202 3346 3.
220 3297 298 3346 rannus
308 3294 442 3360 contendit,
454 3299 484 3344 ut
492 3325 526 3333 —
534 3299 643 3363 caperet.

145 3362 181 3412 Es
189 3363 276 3412 wurdc
288 3369 453 3425 anqsstrengt
463 3364 591 3426 gerudert,
603 3379 643 3413 wo

144 3445 200 3480 man
216 3431 262 3480 der
278 3429 413 3492 Strb'mung
430 3430 498 3480 nieht
509 3431 579 3480 mehr
594 3429 643 3480 fol-

144 3513 193 3560 gen
209 3497 316 3560 kanuto,
332 3513 372 3546 um
389 3498 433 3559 da,
449 3513 489 3547 wo
508 3498 535 3547 C.
548 3498 643 3562 wollte,

145 3581 178 3614 zu
188 3565 288 3616 lunden.
301 3591 334 3600 -·
347 3568 461 3632 raperet:
473 3565 497 3614 4.
510 3565 551 3630 26,
564 3566 588 3614 6.
602 3565 643 3630 36,

697 2347 835 2397 besondcrs
848 2349 917 2397 hatte
930 2348 1067 2397 cinrichten
1079 2349 1174 2398 dassen.

732 2413 756 2463 6.
778 2419 920 2480 annotinis,
937 2416 977 2464 die
990 2430 1020 2464 er
1031 2431 1053 2464 c.
1068 2413 1090 2478 1,
1105 2415 1117 2464 1
1131 2419 1199 2466 oete-

697 2498 740 2532 res
753 2489 841 2531 neunt:
854 2482 894 2532 die
907 2483 940 2530 im
952 2482 1056 2544 vorigen
1065 2483 1140 2532 iahre
1153 2498 1199 2545 ge-

698 2549 789 2598 hauten
813 2550 863 2598 und
884 2549 1059 2612 gebrauchten.
1081 2577 1115 2586 --
1136 2567 1199 2616 quas

698 2619 841 2667 sareanen.
857 2618 962 2679 (naves)
968 2617 1039 2681 san.-
1051 2617 1089 2666 als
1102 2633 1134 2666 zu
1147 2618 1199 2668 sei-

697 2683 1198 2748 nechquemiiobheitdienendeSchiiie.

697 2751 724 2801 S.
742 2767 773 2800 zu
789 2749 814 2800 4.
835 2751 873 2814 17,
893 2751 931 2800 10.
950 2755 1055 2818 quisque
1075 2753 1198 2804 natiirlich

697 2819 764 2869 nicht
781 2818 914 2882 allgemein
934 2820 985 2882 (uls
1002 2819 1033 2868 ob
1047 2819 1123 2883 jeder
1139 2820 1198 2870 der·
1272 2821 1277 2834 ¹

697 2887 811 2950 gleichen
825 2886 916 2938 Schiffe
929 2887 1020 2950 gehnbt
1031 2889 1125 2951 hiitte),
1140 2903 1198 2938 son-

697 2957 759 3005 dern
780 2955 855 3018 jeder
878 2971 927 3005 von
951 2957 1044 3018 denen,
1071 2956 1110 3004 die
1135 2955 1198 3006 eben

697 3023 781 3073 solche
796 3022 886 3073 Sehiffe
901 3025 986 3074 hatten
1003 3024 1036 3086 (i.
1050 3022 1091 3086 22,
1108 3023 1141 3086 1),
1159 3025 1198 3074 die

695 3091 842 3154 Raichercn,
852 3092 892 3142 die
899 3091 1200 3156 zubequemererUeber·

696 3159 1199 3222 iohrtPrivatschiffehatten.B.C.3.l4,2.

730 3215 762 3276 1).
794 3227 820 3276 1.
850 3229 996 3278 cohortibus
1020 3227 1119 3291 decen,
1143 3227 1198 3276 also

697 3295 752 3344 ciue
773 3293 870 3357 Legion
890 3295 936 3344 'tier
956 3295 1020 3344 Zabi
1040 3296 1114 3356 nach3
1137 3293 1199 3344 doch

698 3363 767 3425 zeigt
775 3362 860 3412 dieser
868 3361 1009 3424 Ausdruck,
1023 3363 1081 3412 dass
1094 3377 1123 3410 er
1132 3361 1200 3410 nicht

698 3430 754 3480 eine
783 3429 924 3480 bestimmte
950 3427 1059 3492 Legion,
1090 3428 1199 3478 sordem

698 3496 812 3546 einzelne
846 3497 971 3546 Cohorten
1005 3497 1199 3546 verschiedeoer

698 3562 834 3628 Legiones,
847 3564 975 3614 vielicicht
986 3579 1035 3614 voa
1048 3565 1094 3612 den
1109 3563 1124 3612 5
1136 3562 1198 3626 Lag.

142 3631 169 3682 4.
186 3660 221 3670 -
232 3647 283 3698 qua
299 3659 333 3698 7-
348 3637 512 3697 cognorerat.
534 3633 561 3682 S.
574 3627 606 3682 zu
618 3633 642 3683 4.
695 3631 723 3696 je
735 3630 750 3680 2
761 3631 820 3680 Coh.
833 3631 927 3681 zuriich
939 3632 1008 3681 liess.
1025 3660 1059 3667 -
1074 3630 1105 3680 de
1122 3634 1198 3680 tertie

142 3699 186 3763 23,
200 3701 223 3750 3.
552 3720 554 3724 ·
698 3698 784 3763 amilio
802 3698 822 3748 1.
842 3697 880 3762 12,
898 3697 923 3748 2.
944 3727 977 3734 -
998 3701 1095 3750 amitus
1115 3699 1197 3748 seiten

140 3804 143 3808 -
178 3768 202 3817 4.
220 3770 338 3818 carmide
349 3770 458 3832 inceptis
472 3765 541 3830 (Abh
553 3765 642 3831 lustr.)
698 3767 743 3816 mit
754 3766 809 3814 dem
821 3765 907 3830 Dativ,
926 3766 975 3815 wie
988 3765 1031 3816 das
1045 3767 1103 3816 sehr
1114 3766 1198 3829 hiiuiig

140 3854 177 3878 aa
197 3834 436 3900 Tronsportschiiie,
458 3837 644 3900 gravibusque:
699 3849 727 3883 so
740 3833 890 3894 gebrauchte
907 3838 1032 3898 metuere,
1051 3835 1196 3897 tianensis.

143 3902 207 3954 ‘aad
218 3918 290 3954 zuar
306 3904 404 3954 sebwer
416 3901 537 3966 heludeu’,
554 3903 602 3952 wic
614 3918 645 3953 er
699 3901 727 3952 B.
744 3899 769 3948 4.
789 3900 832 3965 16,
852 3901 874 3951 1.
897 3902 921 3950 t.
939 3899 984 3966 24,
1002 3901 1026 3952 4.
1050 3901 1094 3967 56,
1108 3901 1152 3967 2.).
1163 3929 1198 3938 ·-
