2798 4482
232 327 293 396 m
591 329 635 382 llll
652 327 762 388 tetdo
779 327 922 384 tunica

318 488 369 551 ld.
398 481 472 546 Cum
486 501 541 563 per
554 501 658 546 eorum
672 485 747 548 does
760 483 889 548 triduum
907 481 1105 558 itcriecissct,
1124 479 1291 544 inveniebat

231 586 267 630 ex
281 567 400 648 captivis
416 567 516 630 Sabim
534 569 645 632 flumen
659 570 696 632 ab
711 569 813 634 castris
828 567 891 632 suis
905 585 968 632 non
981 566 1107 648 amplius
1122 566 1202 628 milia
1215 584 1289 647 prs-

195 664 212 716 2
232 671 320 714 suum
334 672 353 713 x
367 653 484 716 abesse:
501 661 582 716 trans
601 654 632 716 id
650 655 759 718 flumen
778 659 883 718 ornnes
901 652 1023 716 Nervios
1043 651 1215 714 consedisse
1233 650 1289 714 ad-
1354 686 1359 694 ·
1386 673 1387 682 2

230 744 407 818 ventumque
421 737 460 800 ibi
475 738 678 802 Romanorum
693 748 859 820 exspectare
872 755 932 800 una
946 756 1014 799 cunr
1027 735 1172 808 Atrebatis
1187 744 1217 798 et
1230 737 1290 798 lle-

231 823 417 896 romanduis,
441 821 573 884 finitimis
593 824 654 886 suis
675 829 762 904 (nam
780 824 827 886 his
846 821 977 902 utrisque
1001 829 1220 900 persuaserant,
1244 819 1291 882 uti
1387 843 1388 876 ι

195 919 212 971 3
232 907 355 968 eandem
373 907 440 968 belli
458 909 606 970 ronanam
631 909 861 989 experirentur);
887 906 1047 988 exspectari
1071 905 1158 968 etiam
1183 905 1221 968 ab
1240 905 1290 966 his

195 1005 213 1058 t
232 991 451 1054 hduatuoorum
466 992 565 1071 copias
582 1001 668 1074 atque
682 1013 748 1056 esse
761 994 792 1056 in
812 992 928 1055 itinere:
948 990 1083 1054 mulieres
1108 989 1216 1070 quique
1235 1007 1291 1069 per

233 1083 356 1138 aetatem
370 1077 406 1138 ad
421 1095 551 1156 pugnam
565 1078 682 1140 inutiles
697 1079 861 1141 viderentur
874 1078 906 1138 in
920 1095 988 1138 eum
1002 1076 1102 1138 locum
1116 1073 1290 1150 coniecisse,
1388 1113 1389 1122 κ

233 1179 292 1240 quo
307 1169 431 1240 propter
444 1161 564 1242 paludes
579 1163 717 1226 exercitui
732 1163 828 1225 aditus
843 1180 906 1224 non
920 1168 1006 1223 esset

320 1251 371 1314 tr.
399 1245 453 1307 His
472 1247 559 1310 rebus
580 1248 704 1327 cognitis
723 1249 920 1328 exploratores
939 1245 1183 1324 oentmionesque
1201 1262 1291 1324 prae-

196 1328 335 1404 tmittit,
360 1330 409 1410 qui
427 1330 526 1394 locum
545 1333 684 1394 idoneum
705 1333 807 1396 castris
826 1329 959 1411 deligant
992 1330 1065 1392 Cum
1091 1348 1126 1390 ex
1145 1327 1291 1390 dediticiis
1389 1373 1390 1410 ,

232 1413 328 1494 Belgis
343 1415 517 1496 reliquisque
532 1417 618 1480 Gallis
637 1417 804 1498 complures
820 1417 971 1480 Gaesarem
990 1413 1082 1476 secuti
1100 1431 1160 1476 una
1173 1413 1230 1474 iter
1244 1413 1290 1474 fa-

233 1507 340 1574 cerent,
356 1499 473 1580 quidam
489 1521 523 1562 ex
537 1502 593 1576 his,
606 1510 639 1564 ut
653 1511 756 1582 postea
770 1523 804 1566 ex
819 1501 939 1581 captivis
952 1498 1101 1579 cognitum
1116 1506 1169 1572 est,
1183 1516 1292 1560 comm

233 1583 348 1646 dieurm
363 1586 572 1650 consuetudine
590 1586 700 1648 itineris
716 1587 811 1650 nostri
830 1585 971 1648 exercitus
986 1591 1137 1666 perspecta
1151 1590 1240 1644 nocte
1253 1581 1293 1644 ad
1390 1599 1391 1668 ξ

214 1663 219 1680 ’
233 1667 355 1732 Nervios
367 1679 561 1750 pervenerunt
570 1679 655 1752 atque
665 1672 711 1734 his
723 1673 963 1734 demonstrarunt
973 1669 1049 1730 inter
1059 1667 1291 1747 singulaslegio-

233 1772 286 1815 nes
301 1753 579 1834 impedimentorum
593 1775 732 1835 magnmn
746 1773 902 1818 numerum
917 1755 1102 1827 intercedere,
1116 1771 1212 1832 neque
1223 1770 1291 1814 esse

233 1838 389 1918 quicquam
402 1840 524 1919 negotii,
545 1859 611 1902 cum
631 1841 727 1920 prima
744 1841 818 1920 legio
839 1840 870 1900 in
890 1848 987 1900 castra·
1000 1839 1128 1900 venisset
1145 1837 1291 1916 reliquae·

234 1942 290 2001 que
300 1923 428 2001 legiones
440 1942 579 2002 magnrnn
590 1925 717 2003 spatium
728 1925 871 1997 abessent,
881 1925 958 1985 banc
967 1923 1024 1984 sub
1034 1921 1155 1984 sarcinis
1165 1921 1292 1998 adoriri3

198 2025 214 2076 a
235 2025 293 2086 qua
308 2007 392 2086 pulsa
406 2007 678 2088 impedimentisque
692 2009 812 2089 direptis
828 2009 971 2082 loturum,
991 2014 1024 2068 ut
1042 2007 1167 2086 reliquae
1186 2014 1292 2068 contra

197 2109 214 2159 4
236 2091 396 2152 consistere
410 2110 472 2152 non
486 2093 632 2154 auderent.
665 2094 823 2155 Adiuvabat
837 2093 923 2154 etiam
938 2111 1040 2153 eorum
1057 2090 1220 2166 consilium,
1239 2090 1291 2170 qui

234 2193 298 2236 rem
314 2176 487 2250 deserebant,
502 2178 581 2256 quod
596 2177 692 2238 Nervii
708 2178 883 2257 antiquitus,
903 2196 970 2238 cum
984 2176 1114 2256 equitatu
1128 2175 1201 2238 nihil
1216 2195 1290 2256 pos·

235 2267 301 2321 sent
322 2263 432 2340 (neque
451 2261 529 2322 enim
548 2262 584 2322 ad
603 2263 662 2324 boc
679 2270 797 2342 tempus
816 2262 843 2323 ei
856 2261 901 2323 rei
914 2262 1048 2334 student,
1068 2261 1134 2335 sed,
1152 2259 1291 2341 quicquid

234 2353 370 2424 possunt,
381 2346 564 2424 pedestribus
575 2347 670 2408 valent
681 2348 797 2428 copiis),
809 2365 867 2426 quo
880 2345 991 2408 facilius
1002 2345 1196 2408 finitimorum
1207 2345 1291 2425 equi-

220 2435 340 2503 tatum,
360 2430 386 2492 si
401 2431 558 2509 praedandi
575 2450 662 2493 causa
677 2432 713 2493 ad
729 2452 780 2494 eos
794 2431 954 2504 venissent,
974 2431 1160 2510 impedirent,
1180 2429 1290 2492 teneris

234 2513 388 2576 arboribus
398 2515 498 2578 incisis
509 2523 594 2596 atquc
606 2516 727 2595 [inflexis
739 2517 857 2594 crebris]
871 2516 901 2577 in
911 2515 1090 2578 latitudinem
1100 2515 1189 2577 ramis
1198 2515 1291 2578 enatis

270 2673 322 2734 ld.
343 2683 365 2734 1.
382 2687 524 2736 dormiebat
539 2702 574 2737 ccc
585 2689 691 2756 cephen
702 2709 737 2730 =
790 2701 852 2750 geru
864 2685 920 2736 hier
934 2706 968 2728 ε
983 2685 1024 2734 die
1036 2683 1292 2736 lleeresmarschord-

236 2751 380 2818 quaerendo
392 2756 568 2818 cognoscebat.
791 2768 858 2816 rung
869 2752 953 2824 dieser
964 2751 1040 2814 Tage.
1059 2751 1109 2802 Cic
1122 2751 1197 2802 Tusc.
1208 2751 1235 2802 2.
1247 2753 1291 2802 152

269 2835 294 2886 2.
312 2851 371 2886 eum
391 2837 532 2889 Aestate.
565 2838 643 2888 sone
658 2839 738 2889 Aee
783 2822 890 2902 suaet?
902 2822 983 2898 anea
993 2823 1060 2902 etro
1081 2821 1292 2900 ‚eminerent

237 2905 313 2954 pat„
324 2903 365 2952 hep
377 2902 450 2953 cae„
790 2892 901 2952 uegeta.-
918 2888 958 2936 dre
975 2887 1069 2952 korpcr
1081 2888 1134 2936 rche
1146 2903 1172 2936 n.
1184 2894 1292 2951 gershge

708 2953 711 2962 ⁴
791 2954 944 3018 Bctrcihnng
959 2955 1029 3004 eines
1042 2951 1185 3005 Geschdlts.
1209 2953 1293 3008 [luten

792 3022 816 3071 t.
830 3021 870 3083 76,
884 3020 912 3070 2:
931 3025 1066 3073 antemna
1079 3019 1172 3073 Galliae
1187 3037 1294 3074 musen-

272 3128 366 3190 17.1.
434 3137 739 3205 torretorre-damme.
790 3089 1294 3208 ἴέθὴῗίἶὲαᾝάξᾝᾚᾞθωῗ

237 3203 372 3258 [leber-die
420 3205 739 3258 nhldesPlatzcsliirdcs
790 3227 933 3275 mmm,
951 3224 1081 3274 jnqqeffir
1148 3224 1234 3288 [ἔδει.
1248 3225 1293 3276 qe.

237 3272 322 3338 beser
333 3288 353 3322 ³·
367 3273 394 3324 B·
408 3272 435 3323 C·
448 3271 573 3338 netem.
591 3273 660 3339 5²9,
672 3273 698 3324 2·
791 3291 998 3342 stimmtestelle.
1009 3319 1043 3329 -
1053 3292 1293 3356 snccessurae,

242 3363 243 3366 ’
272 3357 297 3408 2.
333 3373 423 3409 eorem
447 3357 548 3408 dierum
575 3386 609 3394 —
639 3361 739 3410 morer·
791 3373 845 3408 was
869 3359 915 3410 der
938 3359 1026 3410 Soldat
1048 3367 1123 3424 trag,
1155 3359 1294 3412 besonders

239 3431 290 3477 tus.
323 3425 369 3476 Die
391 3426 468 3475 durch
488 3425 536 3476 deo
558 3424 670 3477 lreicrcn
688 3425 739 3476 Ge·
793 3425 992 3490 blundvorrath,
1020 3426 1202 3494 Schanzpl'dhle
1227 3427 1293 3492 (Cic.

237 3493 329 3544 brauch
342 3495 388 3542 der
400 3491 517 3544 Genitive
534 3493 567 3544 im
579 3493 635 3544 Lat.
647 3509 739 3548 veran-
793 3493 869 3544 Tusc.
897 3494 922 3544 2.
949 3493 1007 3559 tt);
1042 3495 1224 3564 repedantem
1254 3496 1294 3546 dic

239 3561 319 3612 lasste
340 3559 457 3624 lldnlung
476 3562 522 3610 der
542 3559 674 3625 Genitivc,
698 3562 749 3611 die*
793 3561 895 3626 Bagaso
929 3563 974 3612 des
999 3561 1112 3625 llceres,
1146 3563 1187 3612 die
1216 3563 1294 3613 durch

239 3645 286 3679 uns
309 3627 448 3694 unhequern
472 3629 614 3692 erscbeint,
637 3627 755 3679 veneid-¹
793 3628 1121 3693 Lasttbierelortqeschnllt
1133 3631 1245 3682 worden.
1267 3629 1294 3680 S.

238 3695 327 3746 lachen
347 3697 397 3746 wir
421 3697 497 3746 durch
518 3696 558 3746 die
578 3695 742 3760 Verbinduag
794 3697 821 3747 Β.
835 3696 862 3747 C.
879 3695 1004 3761 liricgsw.
1020 3695 1090 3762 §tc
1106 3697 1237 3750 —Ueher
1254 3697 1294 3748 die

238 3765 369 3814 mehrerer
380 3763 488 3826 Begrille
508 3779 540 3814 zn
561 3763 641 3813 cibem
663 3763 699 3825 (s.
718 3763 741 3814 1.
793 3763 1295 3828 hierheschriehenellarschordnnngs.

241 3829 280 3894 19,
293 3829 328 3894 5),
346 3831 422 3882 durch
434 3830 539 3894 hildung
549 3847 599 3881 von
612 3829 741 3898 Composi-
795 3831 941 3897 ebendas,§
956 3832 994 3895 14,
1009 3831 1032 3881 1.

242 3897 271 3959 is,
284 3897 333 3947 wie
346 3898 383 3946 sie
396 3898 442 3948 der
458 3897 520 3948 Lat.
533 3899 601 3949 nicht
615 3899 666 3962 hat,
679 3899 742 3949 oder
828 3899 853 3950 4.
876 3903 971 3950 teneres
991 3901 1127 3952 arbonam
1142 3927 1178 3938 -
1192 3900 1296 3951 sirtori*

239 3964 315 4014 durch
328 3963 459 4015 Adiective
476 3965 538 4016 oder
550 3965 741 4018 Umsebrcihun·
795 3969 851 4018 atah.
863 3966 906 4017 sle
915 3966 1072 4018 beschsitten
1082 3968 1122 4018 die
1131 3968 1194 4019 noch
1199 3967 1295 4033 jum

271 2986 295 3036 4.
314 2989 452 3037 coercitum
478 2986 520 3038 l'rir
538 2987 577 3037 ein
596 2988 671 3054 lleer,
689 2989 738 3040 all·

237 3052 344 3118 gemcim
357 3054 424 3104 nicht
435 3053 490 3104 hlos
502 3055 547 3105 des
560 3055 632 3106 Caes.
