2776 4484
226 343 267 406 82

226 511 355 574 quanm,
375 495 502 566 Leucus,
522 493 670 571 Lingones
690 494 924 566 subministrare,
944 493 1059 572 iamque
1080 511 1144 554 esse
1159 494 1190 553 in
1206 493 1283 570 agris

223 583 371 641 frumenta
396 587 522 651 matura,
548 579 583 639 de
609 577 711 638 itinere
736 580 817 658 ipsos
843 578 922 640 brevi
941 585 1074 656 tempore
1093 577 1282 638 iudicaturos.
1384 637 1385 646 ,

173 676 204 726 12
224 665 314 737 Quod
329 681 390 725 non
407 665 468 724 fore
484 663 560 723 dicto
577 663 724 724 audientes
740 683 834 742 neque
849 664 931 742 signa
945 663 1029 722 laturi
1045 663 1192 735 dieantur,
1211 662 1283 722 nihil

194 747 199 753 ’
227 767 258 810 se
273 769 306 810 ea
319 768 351 809 re
374 748 565 809 commoveri:
585 748 660 808 scire
675 749 767 822 enim,
789 749 1020 827 quibuscumque
1039 748 1183 808 exercitus
1204 748 1282 808 dicto

227 835 346 896 audiens
362 851 423 892 non
438 833 536 905 fuerit,
556 841 606 893 aut
624 833 698 894 male
713 852 744 893 re
764 841 845 912 gesta
860 835 1008 892 fortunam
1023 832 1151 892 defuisse
1165 839 1216 892 aut
1231 832 1282 892 ali-

174 931 205 982 13
226 937 284 998 quo
300 918 427 980 facinore
441 925 592 995 comperto
608 919 754 979 avaritiam
770 937 834 978 esse
849 918 1023 979 convictam:
1039 935 1122 977 suam
1138 917 1282 977 innoeen-

225 1005 294 1064 tiam
309 1011 447 1082 perpetua
460 1002 526 1074 vita,
543 1001 706 1062 felicitatem
717 1003 912 1063 Helvetiorum
923 1001 998 1061 bello
1011 1021 1076 1062 esse
1087 1009 1281 1080 perspectam.

173 1097 205 1147 14
225 1090 324 1168 ltaque
338 1107 379 1160 se,
402 1089 481 1166 quod
496 1084 526 1146 in
540 1087 702 1164 longiorem
718 1087 794 1148 diem
810 1087 966 1148 collaturus
982 1086 1092 1159 luisset,
1107 1103 1282 1165 repraesen-

224 1181 353 1234 taturum
378 1179 406 1232 et
425 1173 558 1250 proxima
578 1181 664 1233 nocte
681 1174 715 1232 de
730 1181 830 1252 quarta
844 1172 939 1250 vigilia
955 1181 1047 1232 castra
1062 1178 1230 1244 moturum,
1250 1181 1284 1232 ut

226 1257 460 1336 quamprimum
479 1257 642 1336 intellegere
662 1265 775 1336 posset,
795 1265 894 1317 utrum
914 1256 992 1334 apud
1011 1275 1062 1316 eos
1082 1257 1180 1334 pudor
1195 1266 1283 1334 atque

173 1350 203 1400 15
226 1341 364 1415 officium,
381 1359 417 1401 an
430 1341 518 1402 timor
532 1342 644 1401 valeret.
668 1343 754 1414 Quod
767 1341 792 1401 si
807 1350 953 1420 praeterea
967 1358 1055 1400 nemo
1072 1349 1219 1420 sequatur,
1235 1350 1281 1402 ta-

197 1423 199 1428 ’
224 1444 293 1487 men
305 1445 336 1486 se
348 1445 415 1487 cum
427 1426 490 1486 sola
501 1427 610 1486 decima
621 1426 734 1505 legione
748 1428 867 1498 iturum,
884 1427 920 1486 de
930 1443 986 1503 qua
998 1443 1059 1486 non
1071 1425 1224 1500 dubitaret,
1240 1426 1283 1486 si-

224 1511 310 1589 bique
324 1529 387 1572 eam
403 1511 577 1590 praetoriam
594 1513 745 1572 cohortem
757 1513 892 1572 futuram.
925 1510 1000 1570 Huic
1014 1510 1121 1588 legioni
1133 1509 1240 1570 Caesar
1253 1518 1283 1571 et

224 1596 382 1658 indulserat
397 1595 550 1676 praecipue
566 1604 593 1656 et
608 1605 728 1676 propter
742 1597 879 1656 virtutem
894 1595 1057 1656 confidebat
1071 1595 1206 1656 maxime.

309 1679 363 1740 41.
391 1682 453 1741 llac
472 1681 603 1741 oratione
623 1681 720 1742 habita
735 1681 841 1742 mirum
858 1681 888 1740 in
902 1681 1025 1741 modum
1040 1696 1196 1740 conversae
1211 1689 1283 1740 sunt

224 1766 357 1827 omnium
376 1774 502 1838 mentes,
522 1785 694 1844 summaque
714 1765 845 1826 alacritas
864 1772 893 1825 et
912 1764 1055 1843 cupiditas
1075 1765 1140 1825 belli
1160 1765 1294 1842 gerendi

222 1850 321 1911 innata
336 1858 388 1923 est,
402 1849 596 1929 princepsque
611 1851 722 1911 decima
732 1850 806 1928 legio
818 1868 872 1928 per
882 1849 1016 1910 tribunos
1031 1849 1155 1910 militum
1170 1850 1196 1909 ei
1211 1867 1280 1928 gra-

187 1939 202 1988 2
223 1935 277 1995 tias
292 1935 362 2012 egit,
384 1934 462 2013 quod
482 1935 518 1994 de
538 1954 568 1994 se
588 1935 733 2013 optimum
752 1935 891 1995 iudicium
910 1933 1038 2008 ferisset,
1059 1953 1147 2013 seque
1162 1954 1227 1995 esse
1243 1935 1280 1994 ad

187 2021 202 2070 3
223 2017 329 2080 bellum
344 2019 502 2097 gerendum
521 2019 736 2097 paratissimam
752 2019 941 2079 confirmavit.
969 2018 1078 2079 lleinde
1093 2019 1219 2098 reliquae
1234 2017 1278 2078 le-

154 2129 157 2136 ·
219 2104 323 2180 giones
340 2122 406 2163 cum
421 2103 545 2163 tribunis
557 2103 681 2164 militum
690 2098 720 2163 et
731 2103 896 2182 primorum
909 2103 1052 2170 ordinum,
1058 2101 1279 2164 centurionibus

221 2195 355 2266 egerunt,
377 2187 419 2247 uti
439 2187 552 2248 Caesari
572 2188 786 2250 satisfacerent:
808 2205 952 2266 seneque
972 2205 1113 2266 umquam
1129 2188 1279 2250 dubitasse

589 339 632 389 DE
651 339 758 390 BELLO
777 339 919 392 GALLICO

221 2290 313 2351 neque
328 2271 460 2332 timuisse
474 2290 569 2352 neque
584 2273 620 2333 de
635 2291 750 2334 summa
765 2272 831 2334 belli
846 2275 935 2332 'suum
950 2273 1097 2346 iudicium,
1114 2273 1166 2333 sed
1181 2273 1278 2352 impe-

255 2491 294 2542 12.
312 2497 448 2544 orantium
464 2497 720 2544 ereeconee'rtom=
773 2492 922 2544 Feldherrn.
958 2493 1064 2554 s.,ss.t:.
1078 2492 1206 2558 Rriegsw.
1225 2495 1273 2560 58.
1381 2537 1382 2556 ,

219 2561 357 2626 rnonp'sesto
381 2565 510 2626 cognitum
534 2565 559 2610 et
579 2561 719 2630 depreden-
774 2561 848 2611 Diese
870 2561 1031 2625 Hinweisung
1051 2561 1097 2613 auf
1115 2563 1162 2613 den
1181 2563 1275 2612 Schutz
1381 2573 1382 2606 1

219 2633 283 2678 earn.
311 2628 513 2679 DerAnschluss
533 2645 565 2679 an
586 2630 630 2680 das
651 2630 718 2681 Vcr-
773 2629 857 2680 seiner
880 2630 974 2680 Person
1004 2637 1099 2680 musste
1123 2645 1171 2679 vor
1199 2631 1275 2680 allero
1381 2689 1382 2692 Ἴ

219 2696 377 2760 hergehende
388 2699 438 2746 und
451 2698 497 2746 der
506 2696 649 2760 Gegensatz
662 2714 718 2748 zum
772 2697 891 2748 wirksam
915 2699 982 2761 sein,
1011 2713 1038 2748 so
1064 2698 1111 2747 wie
1134 2697 1275 2764 iiberlraupt
1381 2697 1382 2728 f

217 2761 363 2826 Folgenden
393 2765 461 2814 liilrrt
485 2765 524 2814 die
548 2764 719 2828 Abweichung
772 2764 848 2814 durch
859 2766 898 2816 die
908 2765 1050 2829 geschickte
1060 2765 1197 2828 Wendung
1207 2767 1274 2815 nicht

217 2847 267 2881 von
280 2831 325 2880 der
341 2831 529 2894 gewdlrnliclren
541 2832 718 2882 Construction
1382 2851 1383 2854 ’

217 2913 267 2947 νοιι
290 2901 436 2949 convincere
464 2899 584 2963 (aliquem
611 2900 717 2951 alicuius

773 2845 820 2881 nur
831 2833 871 2882 die
884 2832 922 2882 10.
932 2833 994 2896 Leg.
1004 2834 1115 2900 dauernd
1124 2847 1272 2896 gewonnen,

771 2900 880 2949 sondern
897 2901 959 2950 auch
972 2901 1012 2951 die
1025 2901 1130 2964 librigen
1143 2901 1273 2952 bescha'mt

217 2963 268 3027 rei)
281 2963 375 3014 herbei.
391 2993 425 3002 -—
442 2966 494 3015 Der
506 2966 566 3014 Sinn
582 2981 631 3015 von
643 2970 716 3018 inno·

217 3035 300 3081 centia
311 3032 374 3081 wird
385 3033 443 3082 klar
455 3033 531 3082 durch
543 3037 658 3084 aemon

252 3138 292 3188 14.
310 3142 336 3190 in
352 3139 494 3205 longiorem
510 3140 591 3191 dien:
611 3141 715 3206 lfingere

215 3205 294 3271 Frist,
313 3209 414 3273 spiitere
433 3208 498 3258 Zeit.
516 3237 550 3246 -
566 3225 716 3277 repraesen-

216 3278 272 3325 tare
292 3275 425 3339 cigentlich
443 3299 479 3320 -=
497 3279 714 3340 vergegeowiirti-

214 3357 276 3407 gen,
292 3343 370 3394 daher
386 3351 479 3409 etwas,
496 3359 549 3395 wns
562 3352 616 3395 erst
628 3347 715 3410 spiiter

214 3412 354 3476 geschehen
371 3413 459 3476 sollte,
476 3413 649 3476 gegenw'eirtig
660 3429 713 3464 ma-

215 3480 289 3544 cheu,
301 3477 501 3544 bcselrleunigeu.
534 3481 585 3530 (lic.
602 3479 671 3531 Fam
688 3483 712 3546 5,

215 3546 259 3596 16:
282 3564 363 3614 noque
384 3553 534 3600 exsertare
558 3551 713 3617 temporie

213 3615 423 3681 modociensem&
465 3619 713 3684 repraesentare

213 3686 313 3734 meone
320 3688 461 3752 possennus.
472 3713 506 3726 --
518 3684 549 3734 de
561 3689 654 3750 quarta
661 3688 712 3750 rr'g'.

213 3749 240 3800 S.
253 3767 285 3802 zu
301 3767 322 3802 e.
337 3751 375 3817 12,
388 3751 421 3802 2..
730 3751 742 3817 ’,

249 3841 287 3893 15.
306 3842 402 3894 decemo
413 3844 516 3912 legione,
531 3860 551 3895 s.
564 3844 603 3894 die
616 3843 711 3895 Eiulei-

212 3907 274 3973 tnng
285 3909 534 3980 pfl-praetento
550 3914 642 3963 rodere
658 3927 713 3962 war

189 4013 193 4020 .
211 3975 436 4045 das'flliteneorps
452 3981 490 4030 als
502 3979 650 4032 Leibwache
667 3981 712 4030 des

771 2968 883 3017 wurden.
906 2967 931 3018 S.
944 2967 1087 3034 uintprr.
1101 2967 1176 3018 Seine
1188 2969 1272 3034 'l'rup-

770 3049 816 3100 pen
834 3050 920 3084 waren
937 3035 986 3084 ihm
1003 3037 1063 3086 nach
1077 3036 1171 3086 diesem
1184 3043 1272 3086 ersten

769 3103 820 3151 und
844 3103 958 3171 einzigen
983 3103 1160 3154 Zuisclrcufall
1184 3105 1273 3154 immer

769 3176 827 3218 treu
840 3170 957 3232 engeben.

803 3228 856 3288 41.
876 3237 898 3287 3.
912 3253 969 3290 earm
978 3241 1087 3289 tribunis
1099 3267 1133 3276 -—
1145 3243 1270 3304 ogerum

769 3303 807 3353 'sie
828 3305 1021 3370 verhandelten,
1042 3305 1194 3372 bespreohen
1217 3307 1270 3358 sicli

767 3372 813 3421 mit
821 3373 1271 3442 ihren—primorumordcentun'o·

767 3455 813 3489 nee
830 3440 885 3490 sind
901 3441 942 3491 die
959 3441 975 3490 6
988 3441 1155 3492 Centurionen
1169 3443 1217 3492 der
1228 3458 1269 3492 er-

768 3507 1097 3572 stenCohortederLegion.
1110 3507 1269 3574 S.lfriegsn'.

767 3589 790 3640 p.
812 3575 854 3627 42.
867 3571 904 3613 '-
919 3577 1072 3643 radefocme
1086 3597 1122 3620 =
1138 3594 1166 3627 re
1188 3593 1268 3629 eacu-

767 3657 827 3694 eare
847 3644 928 3695 adecti.
951 3673 986 3681 —
1007 3661 1109 3696 summa
1132 3645 1201 3696 tede:
1228 3647 1269 3697 dio

767 3711 868 3762 oberste
885 3712 991 3776 Leitung
1008 3714 1052 3762 des
1069 3711 1169 3776 lfriegs.
1193 3713 1220 3764 ll.
1238 3713 1266 3764 C.

769 3777 790 3828 1.
798 3777 836 3846 36,
850 3779 860 3830 l
871 3779 1275 3832 ιειιιιιηιιι111Ιίιιιίιιιιίιιίιξνιιιιιίιὶ1

765 3843 1265 3912 Summoistderlubegrill'desWesent·
1330 3877 1334 3886 ·

766 3913 884 3965 lichsten
901 3916 951 3964 und
980 3915 1105 3966 lldehsten
1140 3916 1163 3966 in
1194 3917 1266 3974 einer

766 3981 854 4032 Saclre,
