<?xml version="1.0" encoding="UTF-8"?>
<!DOCTYPE html PUBLIC "-//W3C//DTD XHTML 1.0 Transitional//EN"
    "http://www.w3.org/TR/xhtml1/DTD/xhtml1-transitional.dtd">
<html xmlns="http://www.w3.org/1999/xhtml" xml:lang="en" lang="en">
 <head>
  <title>
</title>
<meta http-equiv="Content-Type" content="text/html;charset=utf-8" />
  <meta name='ocr-system' content='tesseract 3.04.00' />
  <meta name='ocr-capabilities' content='ocr_page ocr_carea ocr_par ocr_line ocrx_word'/>
</head>
<body>
  <div class='ocr_page' id='page_1' title='image "./ciuliicaesarisc04krangoog_0138.png"; bbox 0 0 2798 4482; ppageno 0'>
   <div class='ocr_carea' id='block_1_1' title="bbox 454 1305 798 1402">
    <p class='ocr_par' dir='ltr' id='par_1_1' title="bbox 454 1305 798 1402">
     <span class='ocr_line' id='line_1_1' title="bbox 454 1305 798 1402; baseline 0.006 -36"><span class='ocrx_word' id='word_1_1' title='bbox 454 1305 484 1366; x_wconf 81' lang='lat' dir='ltr'>C.</span> <span class='ocrx_word' id='word_1_2' title='bbox 507 1305 596 1402; x_wconf 79' lang='lat' dir='ltr'>lllLll</span> <span class='ocrx_word' id='word_1_3' title='bbox 618 1305 798 1368; x_wconf 79' lang='lat' dir='ltr'><strong>CAESARIS</strong></span> 
     </span>
    </p>
   </div>
   <div class='ocr_carea' id='block_1_2' title="bbox 612 1489 706 1522">
    <p class='ocr_par' dir='ltr' id='par_1_2' title="bbox 612 1489 706 1522">
     <span class='ocr_line' id='line_1_2' title="bbox 612 1489 706 1522; baseline 0 0"><span class='ocrx_word' id='word_1_4' title='bbox 612 1489 706 1522; x_wconf 52' lang='lat' dir='ltr'>olt&#39;</span> 
     </span>
    </p>
   </div>
   <div class='ocr_carea' id='block_1_3' title="bbox 274 1623 980 1700">
    <p class='ocr_par' dir='ltr' id='par_1_3' title="bbox 274 1623 980 1700">
     <span class='ocr_line' id='line_1_3' title="bbox 274 1623 980 1700; baseline 0.006 -4"><span class='ocrx_word' id='word_1_5' title='bbox 274 1623 539 1696; x_wconf 87' lang='lat' dir='ltr'>BELLO</span> <span class='ocrx_word' id='word_1_6' title='bbox 611 1625 980 1700; x_wconf 84' lang='lat' dir='ltr'><strong>GALLIGO</strong></span> 
     </span>
    </p>
   </div>
   <div class='ocr_carea' id='block_1_4' title="bbox 371 1805 971 1870">
    <p class='ocr_par' dir='ltr' id='par_1_4' title="bbox 371 1805 971 1870">
     <span class='ocr_line' id='line_1_4' title="bbox 371 1805 971 1870; baseline 0.008 -14"><span class='ocrx_word' id='word_1_7' title='bbox 371 1805 681 1860; x_wconf 82' lang='lat' dir='ltr'><strong>COMMENTARIUS</strong></span> <span class='ocrx_word' id='word_1_8' title='bbox 690 1807 886 1870; x_wconf 68' lang='lat' dir='ltr'>§ruamus</span> <span class='ocrx_word' id='word_1_9' title='bbox 965 1831 971 1838; x_wconf 63' lang='lat'><strong><em>¹</em></strong></span> 
     </span>
    </p>
   </div>
   <div class='ocr_carea' id='block_1_5' title="bbox 551 1980 703 1990">
    <p class='ocr_par' dir='ltr' id='par_1_5' title="bbox 551 1980 703 1990">
     <span class='ocr_line' id='line_1_5' title="bbox 551 1980 703 1990; baseline 0 0"><span class='ocrx_word' id='word_1_10' title='bbox 551 1980 703 1990; x_wconf 78' lang='lat'>-—--</span> 
     </span>
    </p>
   </div>
   <div class='ocr_carea' id='block_1_6' title="bbox 183 2095 1156 2194">
    <p class='ocr_par' dir='ltr' id='par_1_6' title="bbox 183 2095 1156 2194">
     <span class='ocr_line' id='line_1_6' title="bbox 183 2095 1156 2194; baseline 0.006 -20"><span class='ocrx_word' id='word_1_11' title='bbox 183 2114 214 2174; x_wconf 92' lang='lat'>1.</span> <span class='ocrx_word' id='word_1_12' title='bbox 246 2095 322 2174; x_wconf 72' lang='lat' dir='ltr'>Cum</span> <span class='ocrx_word' id='word_1_13' title='bbox 337 2115 367 2174; x_wconf 93' lang='lat' dir='ltr'>in</span> <span class='ocrx_word' id='word_1_14' title='bbox 383 2115 491 2176; x_wconf 87' lang='lat' dir='ltr'>ltaliam</span> <span class='ocrx_word' id='word_1_15' title='bbox 507 2116 742 2194; x_wconf 85' lang='lat' dir='ltr'>proficisceretur</span> <span class='ocrx_word' id='word_1_16' title='bbox 757 2115 868 2190; x_wconf 87' lang='lat' dir='ltr'>Caesar,</span> <span class='ocrx_word' id='word_1_17' title='bbox 884 2117 1020 2178; x_wconf 86' lang='lat' dir='ltr'>Servium</span> <span class='ocrx_word' id='word_1_18' title='bbox 1034 2117 1156 2180; x_wconf 80' lang='lat' dir='ltr'>Galbam</span> 
     </span>
    </p>
   </div>
   <div class='ocr_carea' id='block_1_7' title="bbox 1 2199 1155 2280">
    <p class='ocr_par' dir='ltr' id='par_1_7' title="bbox 1 2199 1155 2280">
     <span class='ocr_line' id='line_1_7' title="bbox 1 2199 1155 2280; baseline -0.002 -14"><span class='ocrx_word' id='word_1_19' title='bbox 1 2239 2 2266; x_wconf 75' lang='lat' dir='ltr'>t</span> <span class='ocrx_word' id='word_1_20' title='bbox 101 2219 168 2262; x_wconf 91' lang='lat' dir='ltr'>cum</span> <span class='ocrx_word' id='word_1_21' title='bbox 182 2199 297 2278; x_wconf 80' lang='lat' dir='ltr'>legione</span> <span class='ocrx_word' id='word_1_22' title='bbox 312 2217 354 2258; x_wconf 85' lang='lat' dir='ltr'>xu</span> <span class='ocrx_word' id='word_1_23' title='bbox 370 2207 398 2259; x_wconf 91' lang='lat' dir='ltr'>et</span> <span class='ocrx_word' id='word_1_24' title='bbox 413 2208 494 2278; x_wconf 88' lang='lat' dir='ltr'>parte</span> <span class='ocrx_word' id='word_1_25' title='bbox 508 2200 653 2279; x_wconf 80' lang='lat' dir='ltr'><strong>equitatus</strong></span> <span class='ocrx_word' id='word_1_26' title='bbox 668 2201 698 2260; x_wconf 93' lang='lat' dir='ltr'>in</span> <span class='ocrx_word' id='word_1_27' title='bbox 714 2201 877 2274; x_wconf 85' lang='lat' dir='ltr'>Nantuatis,</span> <span class='ocrx_word' id='word_1_28' title='bbox 899 2203 1043 2280; x_wconf 81' lang='lat' dir='ltr'><strong>Veragros</strong></span> <span class='ocrx_word' id='word_1_29' title='bbox 1060 2203 1155 2264; x_wconf 86' lang='lat' dir='ltr'>Sedu-</span> 
     </span>
    </p>
   </div>
   <div class='ocr_carea' id='block_1_8' title="bbox 96 2283 1191 2448">
    <p class='ocr_par' dir='ltr' id='par_1_8' title="bbox 96 2283 1191 2448">
     <span class='ocr_line' id='line_1_8' title="bbox 96 2283 1154 2364; baseline 0.001 -17"><span class='ocrx_word' id='word_1_30' title='bbox 96 2303 210 2364; x_wconf 86' lang='lat' dir='ltr'>nosque</span> <span class='ocrx_word' id='word_1_31' title='bbox 225 2283 312 2356; x_wconf 85' lang='lat' dir='ltr'>misit,</span> <span class='ocrx_word' id='word_1_32' title='bbox 327 2283 376 2362; x_wconf 92' lang='lat' dir='ltr'>qui</span> <span class='ocrx_word' id='word_1_33' title='bbox 391 2284 426 2345; x_wconf 92' lang='lat' dir='ltr'>ab</span> <span class='ocrx_word' id='word_1_34' title='bbox 441 2285 547 2346; x_wconf 85' lang='lat' dir='ltr'>linibus</span> <span class='ocrx_word' id='word_1_35' title='bbox 562 2285 752 2363; x_wconf 79' lang='lat' dir='ltr'>Allobrogum</span> <span class='ocrx_word' id='word_1_36' title='bbox 768 2294 796 2346; x_wconf 92' lang='lat' dir='ltr'>et</span> <span class='ocrx_word' id='word_1_37' title='bbox 810 2286 874 2346; x_wconf 93' lang='lat' dir='ltr'>lacu</span> <span class='ocrx_word' id='word_1_38' title='bbox 887 2286 1038 2346; x_wconf 80' lang='lat' dir='ltr'><strong>Lemanno</strong></span> <span class='ocrx_word' id='word_1_39' title='bbox 1055 2296 1083 2348; x_wconf 86' lang='lat' dir='ltr'>et</span> <span class='ocrx_word' id='word_1_40' title='bbox 1098 2288 1154 2348; x_wconf 84' lang='lat' dir='ltr'>llu-</span> 
     </span>
     <span class='ocr_line' id='line_1_9' title="bbox 96 2367 1191 2448; baseline 0.001 -18"><span class='ocrx_word' id='word_1_41' title='bbox 96 2371 175 2430; x_wconf 90' lang='lat' dir='ltr'>mine</span> <span class='ocrx_word' id='word_1_42' title='bbox 190 2367 338 2429; x_wconf 86' lang='lat' dir='ltr'>Rhodano</span> <span class='ocrx_word' id='word_1_43' title='bbox 352 2367 387 2429; x_wconf 91' lang='lat' dir='ltr'>ad</span> <span class='ocrx_word' id='word_1_44' title='bbox 403 2388 534 2430; x_wconf 89' lang='lat' dir='ltr'>summas</span> <span class='ocrx_word' id='word_1_45' title='bbox 551 2369 638 2448; x_wconf 80' lang='lat' dir='ltr'>Alpes</span> <span class='ocrx_word' id='word_1_46' title='bbox 653 2371 810 2448; x_wconf 53' lang='lat' dir='ltr'>pertinente</span> <span class='ocrx_word' id='word_1_47' title='bbox 837 2371 927 2430; x_wconf 83' lang='lat' dir='ltr'>Causa</span> <span class='ocrx_word' id='word_1_48' title='bbox 943 2371 1077 2431; x_wconf 84' lang='lat' dir='ltr'>mittendi</span> <span class='ocrx_word' id='word_1_49' title='bbox 1093 2372 1154 2445; x_wconf 88' lang='lat' dir='ltr'>luit,</span> <span class='ocrx_word' id='word_1_50' title='bbox 1176 2393 1191 2442; x_wconf 78' lang='lat'><strong>2</strong></span> 
     </span>
    </p>
   </div>
   <div class='ocr_carea' id='block_1_9' title="bbox 1 2453 1154 2534">
    <p class='ocr_par' dir='ltr' id='par_1_9' title="bbox 1 2453 1154 2534">
     <span class='ocr_line' id='line_1_10' title="bbox 1 2453 1154 2534; baseline 0.001 -19"><span class='ocrx_word' id='word_1_51' title='bbox 1 2475 3 2502; x_wconf 63' lang='lat' dir='ltr'>r</span> <span class='ocrx_word' id='word_1_52' title='bbox 97 2455 178 2534; x_wconf 89' lang='lat' dir='ltr'>quod</span> <span class='ocrx_word' id='word_1_53' title='bbox 193 2453 248 2512; x_wconf 88' lang='lat' dir='ltr'>iter</span> <span class='ocrx_word' id='word_1_54' title='bbox 262 2471 315 2531; x_wconf 89' lang='lat' dir='ltr'>per</span> <span class='ocrx_word' id='word_1_55' title='bbox 329 2453 430 2530; x_wconf 81' lang='lat' dir='ltr'>Alpes,</span> <span class='ocrx_word' id='word_1_56' title='bbox 452 2473 510 2531; x_wconf 93' lang='lat' dir='ltr'>quo</span> <span class='ocrx_word' id='word_1_57' title='bbox 532 2471 638 2532; x_wconf 89' lang='lat' dir='ltr'>magno</span> <span class='ocrx_word' id='word_1_58' title='bbox 660 2473 727 2514; x_wconf 93' lang='lat' dir='ltr'>cum</span> <span class='ocrx_word' id='word_1_59' title='bbox 747 2454 877 2532; x_wconf 89' lang='lat' dir='ltr'>periculo</span> <span class='ocrx_word' id='word_1_60' title='bbox 894 2455 1065 2532; x_wconf 81' lang='lat' dir='ltr'>magnisque</span> <span class='ocrx_word' id='word_1_61' title='bbox 1087 2474 1154 2516; x_wconf 91' lang='lat' dir='ltr'>cum</span> 
     </span>
    </p>
   </div>
   <div class='ocr_carea' id='block_1_10' title="bbox 96 2536 1191 3122">
    <p class='ocr_par' dir='ltr' id='par_1_10' title="bbox 96 2536 1191 3122">
     <span class='ocr_line' id='line_1_11' title="bbox 97 2536 1191 2618; baseline -0.001 -19"><span class='ocrx_word' id='word_1_62' title='bbox 97 2536 237 2618; x_wconf 87' lang='lat' dir='ltr'>portoriis</span> <span class='ocrx_word' id='word_1_63' title='bbox 252 2545 428 2597; x_wconf 84' lang='lat' dir='ltr'>mercatores</span> <span class='ocrx_word' id='word_1_64' title='bbox 444 2537 486 2597; x_wconf 90' lang='lat' dir='ltr'>ire</span> <span class='ocrx_word' id='word_1_65' title='bbox 502 2546 688 2609; x_wconf 91' lang='lat' dir='ltr'>consuerant,</span> <span class='ocrx_word' id='word_1_66' title='bbox 705 2538 835 2616; x_wconf 87' lang='lat' dir='ltr'>patelieri</span> <span class='ocrx_word' id='word_1_67' title='bbox 850 2538 971 2599; x_wconf 82' lang='lat' dir='ltr'>volebat.</span> <span class='ocrx_word' id='word_1_68' title='bbox 994 2539 1069 2598; x_wconf 82' lang='lat' dir='ltr'>Huic</span> <span class='ocrx_word' id='word_1_69' title='bbox 1085 2557 1153 2616; x_wconf 84' lang='lat' dir='ltr'>per·</span> <span class='ocrx_word' id='word_1_70' title='bbox 1176 2557 1191 2607; x_wconf 84' lang='lat'><strong>3</strong></span> 
     </span>
     <span class='ocr_line' id='line_1_12' title="bbox 97 2621 1153 2700; baseline -0.001 -16"><span class='ocrx_word' id='word_1_71' title='bbox 97 2623 190 2692; x_wconf 83' lang='lat' dir='ltr'>misit,</span> <span class='ocrx_word' id='word_1_72' title='bbox 211 2621 237 2682; x_wconf 92' lang='lat' dir='ltr'>si</span> <span class='ocrx_word' id='word_1_73' title='bbox 256 2641 332 2699; x_wconf 86' lang='lat' dir='ltr'>opus</span> <span class='ocrx_word' id='word_1_74' title='bbox 353 2641 418 2681; x_wconf 88' lang='lat' dir='ltr'>esse</span> <span class='ocrx_word' id='word_1_75' title='bbox 437 2621 637 2694; x_wconf 81' lang='lat' dir='ltr'>arbitraretur,</span> <span class='ocrx_word' id='word_1_76' title='bbox 658 2622 700 2682; x_wconf 91' lang='lat' dir='ltr'>uti</span> <span class='ocrx_word' id='word_1_77' title='bbox 719 2621 750 2680; x_wconf 94' lang='lat' dir='ltr'>in</span> <span class='ocrx_word' id='word_1_78' title='bbox 769 2622 815 2682; x_wconf 91' lang='lat' dir='ltr'>his</span> <span class='ocrx_word' id='word_1_79' title='bbox 836 2621 908 2682; x_wconf 92' lang='lat' dir='ltr'>locis</span> <span class='ocrx_word' id='word_1_80' title='bbox 928 2622 1073 2700; x_wconf 85' lang='lat' dir='ltr'>legionem</span> <span class='ocrx_word' id='word_1_81' title='bbox 1089 2623 1153 2683; x_wconf 92' lang='lat' dir='ltr'>hie-</span> 
     </span>
     <span class='ocr_line' id='line_1_13' title="bbox 96 2705 1191 2784; baseline 0.004 -17"><span class='ocrx_word' id='word_1_82' title='bbox 96 2706 196 2769; x_wconf 90' lang='lat' dir='ltr'>mandi</span> <span class='ocrx_word' id='word_1_83' title='bbox 217 2725 303 2766; x_wconf 89' lang='lat' dir='ltr'>eausa</span> <span class='ocrx_word' id='word_1_84' title='bbox 323 2705 483 2766; x_wconf 91' lang='lat' dir='ltr'>collocaret.</span> <span class='ocrx_word' id='word_1_85' title='bbox 518 2706 606 2767; x_wconf 86' lang='lat' dir='ltr'>Galba</span> <span class='ocrx_word' id='word_1_86' title='bbox 630 2705 765 2766; x_wconf 87' lang='lat' dir='ltr'>secundis</span> <span class='ocrx_word' id='word_1_87' title='bbox 792 2706 900 2784; x_wconf 86' lang='lat' dir='ltr'>aliquot</span> <span class='ocrx_word' id='word_1_88' title='bbox 926 2706 1043 2784; x_wconf 89' lang='lat' dir='ltr'>procliis</span> <span class='ocrx_word' id='word_1_89' title='bbox 1071 2707 1191 2772; x_wconf 82' lang='lat' dir='ltr'>lactist</span> 
     </span>
     <span class='ocr_line' id='line_1_14' title="bbox 98 2789 1154 2868; baseline -0.002 -15"><span class='ocrx_word' id='word_1_90' title='bbox 98 2789 278 2868; x_wconf 82' lang='lat' dir='ltr'>castellisque</span> <span class='ocrx_word' id='word_1_91' title='bbox 294 2789 491 2868; x_wconf 86' lang='lat' dir='ltr'>compluribus</span> <span class='ocrx_word' id='word_1_92' title='bbox 508 2809 610 2850; x_wconf 87' lang='lat' dir='ltr'>eorum</span> <span class='ocrx_word' id='word_1_93' title='bbox 625 2789 795 2868; x_wconf 84' lang='lat' dir='ltr'>expugnatis</span> <span class='ocrx_word' id='word_1_94' title='bbox 816 2789 917 2851; x_wconf 92' lang='lat' dir='ltr'>missis</span> <span class='ocrx_word' id='word_1_95' title='bbox 933 2790 968 2850; x_wconf 91' lang='lat' dir='ltr'>ad</span> <span class='ocrx_word' id='word_1_96' title='bbox 985 2798 1053 2850; x_wconf 85' lang='lat' dir='ltr'>eum‘</span> <span class='ocrx_word' id='word_1_97' title='bbox 1067 2792 1154 2852; x_wconf 91' lang='lat' dir='ltr'>undi-</span> 
     </span>
     <span class='ocr_line' id='line_1_15' title="bbox 97 2874 1154 2955; baseline 0 -18"><span class='ocrx_word' id='word_1_98' title='bbox 97 2895 153 2955; x_wconf 92' lang='lat' dir='ltr'>que</span> <span class='ocrx_word' id='word_1_99' title='bbox 174 2874 276 2953; x_wconf 89' lang='lat' dir='ltr'>legatis</span> <span class='ocrx_word' id='word_1_100' title='bbox 297 2874 507 2953; x_wconf 89' lang='lat' dir='ltr'>obsidibusque</span> <span class='ocrx_word' id='word_1_101' title='bbox 527 2875 601 2935; x_wconf 85' lang='lat' dir='ltr'>datis</span> <span class='ocrx_word' id='word_1_102' title='bbox 622 2882 650 2934; x_wconf 93' lang='lat' dir='ltr'>et</span> <span class='ocrx_word' id='word_1_103' title='bbox 669 2894 739 2952; x_wconf 90' lang='lat' dir='ltr'>pace</span> <span class='ocrx_word' id='word_1_104' title='bbox 754 2875 827 2934; x_wconf 87' lang='lat' dir='ltr'>lacta</span> <span class='ocrx_word' id='word_1_105' title='bbox 848 2875 999 2934; x_wconf 85' lang='lat' dir='ltr'>constituit</span> <span class='ocrx_word' id='word_1_106' title='bbox 1019 2876 1154 2936; x_wconf 89' lang='lat' dir='ltr'>cohortes</span> 
     </span>
     <span class='ocr_line' id='line_1_16' title="bbox 98 2959 1155 3038; baseline 0 -18"><span class='ocrx_word' id='word_1_107' title='bbox 98 2962 172 3022; x_wconf 84' lang='lat' dir='ltr'>duas</span> <span class='ocrx_word' id='word_1_108' title='bbox 188 2959 219 3018; x_wconf 94' lang='lat' dir='ltr'>in</span> <span class='ocrx_word' id='word_1_109' title='bbox 233 2959 423 3019; x_wconf 90' lang='lat' dir='ltr'>Nantuatibus</span> <span class='ocrx_word' id='word_1_110' title='bbox 444 2959 584 3020; x_wconf 87' lang='lat' dir='ltr'>collocare</span> <span class='ocrx_word' id='word_1_111' title='bbox 604 2966 633 3019; x_wconf 87' lang='lat' dir='ltr'>et</span> <span class='ocrx_word' id='word_1_112' title='bbox 651 2959 715 3038; x_wconf 87' lang='lat' dir='ltr'>ipse</span> <span class='ocrx_word' id='word_1_113' title='bbox 731 2978 797 3019; x_wconf 93' lang='lat' dir='ltr'>cum</span> <span class='ocrx_word' id='word_1_114' title='bbox 817 2959 935 3038; x_wconf 91' lang='lat' dir='ltr'>reliquis</span> <span class='ocrx_word' id='word_1_115' title='bbox 950 2961 1011 3019; x_wconf 90' lang='lat' dir='ltr'>eius</span> <span class='ocrx_word' id='word_1_116' title='bbox 1033 2959 1155 3038; x_wconf 89' lang='lat' dir='ltr'>legionis</span> 
     </span>
     <span class='ocr_line' id='line_1_17' title="bbox 97 3043 1156 3122; baseline 0.002 -18"><span class='ocrx_word' id='word_1_117' title='bbox 97 3043 269 3106; x_wconf 86' lang='lat' dir='ltr'>cohortibus</span> <span class='ocrx_word' id='word_1_118' title='bbox 281 3043 312 3103; x_wconf 92' lang='lat' dir='ltr'>in</span> <span class='ocrx_word' id='word_1_119' title='bbox 322 3043 385 3103; x_wconf 91' lang='lat' dir='ltr'>vico</span> <span class='ocrx_word' id='word_1_120' title='bbox 393 3045 595 3122; x_wconf 88' lang='lat' dir='ltr'>Veragrorum,</span> <span class='ocrx_word' id='word_1_121' title='bbox 607 3043 1001 3122; x_wconf 74' lang='lat' dir='ltr'>quiappellaturllctodu&#39;rus,</span> <span class='ocrx_word' id='word_1_122' title='bbox 1013 3044 1156 3122; x_wconf 87' lang='lat' dir='ltr'>hiemare;</span> 
     </span>
    </p>
   </div>
   <div class='ocr_carea' id='block_1_11' title="bbox 98 3244 1159 3646">
    <p class='ocr_par' dir='ltr' id='par_1_11' title="bbox 98 3244 1159 3646">
     <span class='ocr_line' id='line_1_18' title="bbox 132 3244 1156 3310; baseline 0 -14"><span class='ocrx_word' id='word_1_123' title='bbox 132 3247 231 3296; x_wconf 87' lang='lat' dir='ltr'>Drittes</span> <span class='ocrx_word' id='word_1_124' title='bbox 249 3246 310 3296; x_wconf 86' lang='lat' dir='ltr'>Jubr</span> <span class='ocrx_word' id='word_1_125' title='bbox 327 3247 371 3296; x_wconf 87' lang='lat' dir='ltr'>des</span> <span class='ocrx_word' id='word_1_126' title='bbox 387 3244 508 3310; x_wconf 69' lang='lat' dir='ltr'>liriegcs,</span> <span class='ocrx_word' id='word_1_127' title='bbox 526 3245 558 3294; x_wconf 83' lang='lat'>56</span> <span class='ocrx_word' id='word_1_128' title='bbox 575 3263 608 3296; x_wconf 89' lang='lat' dir='ltr'>v..</span> <span class='ocrx_word' id='word_1_129' title='bbox 656 3247 737 3308; x_wconf 84' lang='lat' dir='ltr'>cbuug</span> <span class='ocrx_word' id='word_1_130' title='bbox 753 3247 799 3295; x_wconf 90' lang='lat' dir='ltr'>der</span> <span class='ocrx_word' id='word_1_131' title='bbox 815 3245 960 3297; x_wconf 82' lang='lat' dir='ltr'>Triumviru</span> <span class='ocrx_word' id='word_1_132' title='bbox 982 3247 1007 3296; x_wconf 90' lang='lat' dir='ltr'>in</span> <span class='ocrx_word' id='word_1_133' title='bbox 1025 3246 1094 3296; x_wconf 89' lang='lat' dir='ltr'>Luca</span> <span class='ocrx_word' id='word_1_134' title='bbox 1111 3262 1156 3310; x_wconf 85' lang='lat' dir='ltr'>ge-</span> 
     </span>
     <span class='ocr_line' id='line_1_19' title="bbox 99 3313 968 3378; baseline -0.002 -14"><span class='ocrx_word' id='word_1_135' title='bbox 99 3315 156 3364; x_wconf 85' lang='lat' dir='ltr'>Cbr.</span> <span class='ocrx_word' id='word_1_136' title='bbox 188 3313 601 3376; x_wconf 84' lang='lat' dir='ltr'>Vorbe1·nocb(c.l-6)ein</span> <span class='ocrx_word' id='word_1_137' title='bbox 655 3314 747 3364; x_wconf 85' lang='lat' dir='ltr'>baltcn.</span> <span class='ocrx_word' id='word_1_138' title='bbox 773 3313 798 3362; x_wconf 89' lang='lat' dir='ltr'>S.</span> <span class='ocrx_word' id='word_1_139' title='bbox 812 3314 877 3364; x_wconf 85' lang='lat' dir='ltr'>Einl.</span> <span class='ocrx_word' id='word_1_140' title='bbox 890 3329 914 3378; x_wconf 88' lang='lat' dir='ltr'>p.</span> <span class='ocrx_word' id='word_1_141' title='bbox 929 3314 968 3362; x_wconf 84' lang='lat'>14.</span> 
     </span>
     <span class='ocr_line' id='line_1_20' title="bbox 98 3379 1157 3448; baseline -0.004 -16"><span class='ocrx_word' id='word_1_142' title='bbox 98 3379 299 3446; x_wconf 75' lang='lat' dir='ltr'>Kamplmitden</span> <span class='ocrx_word' id='word_1_143' title='bbox 310 3381 601 3446; x_wconf 85' lang='lat' dir='ltr'>sicbregcndenAlpen-</span> <span class='ocrx_word' id='word_1_144' title='bbox 689 3380 714 3430; x_wconf 84' lang='lat'>4.</span> <span class='ocrx_word' id='word_1_145' title='bbox 730 3381 836 3448; x_wconf 78' lang='lat' dir='ltr'>proeliis</span> <span class='ocrx_word' id='word_1_146' title='bbox 849 3381 937 3446; x_wconf 81' lang='lat' dir='ltr'>sactis</span> <span class='ocrx_word' id='word_1_147' title='bbox 949 3408 984 3417; x_wconf 96' lang='lat'><em>-</em></span> <span class='ocrx_word' id='word_1_148' title='bbox 996 3396 1061 3448; x_wconf 79' lang='lat' dir='ltr'>pace</span> <span class='ocrx_word' id='word_1_149' title='bbox 1070 3381 1157 3445; x_wconf 78' lang='lat' dir='ltr'>sacta.</span> 
     </span>
     <span class='ocr_line' id='line_1_21' title="bbox 98 3446 1157 3511; baseline -0.003 -13"><span class='ocrx_word' id='word_1_150' title='bbox 98 3449 219 3511; x_wconf 76' lang='lat' dir='ltr'>vitilem,</span> <span class='ocrx_word' id='word_1_151' title='bbox 241 3450 286 3498; x_wconf 85' lang='lat' dir='ltr'>der</span> <span class='ocrx_word' id='word_1_152' title='bbox 305 3449 368 3497; x_wconf 89' lang='lat' dir='ltr'>nocb</span> <span class='ocrx_word' id='word_1_153' title='bbox 383 3449 408 3497; x_wconf 92' lang='lat' dir='ltr'>in</span> <span class='ocrx_word' id='word_1_154' title='bbox 427 3450 472 3498; x_wconf 87' lang='lat' dir='ltr'>das</span> <span class='ocrx_word' id='word_1_155' title='bbox 491 3448 552 3498; x_wconf 86' lang='lat' dir='ltr'>Jubr</span> <span class='ocrx_word' id='word_1_156' title='bbox 569 3449 601 3497; x_wconf 79' lang='lat'>57</span> <span class='ocrx_word' id='word_1_157' title='bbox 657 3448 704 3497; x_wconf 85' lang='lat' dir='ltr'>‘Es</span> <span class='ocrx_word' id='word_1_158' title='bbox 732 3449 815 3498; x_wconf 85' lang='lat' dir='ltr'>finden</span> <span class='ocrx_word' id='word_1_159' title='bbox 844 3449 895 3497; x_wconf 87' lang='lat' dir='ltr'>sich</span> <span class='ocrx_word' id='word_1_160' title='bbox 919 3447 1049 3497; x_wconf 89' lang='lat' dir='ltr'>bisweilen</span> <span class='ocrx_word' id='word_1_161' title='bbox 1073 3446 1157 3496; x_wconf 81' lang='lat' dir='ltr'>Ablot.</span> 
     </span>
     <span class='ocr_line' id='line_1_22' title="bbox 98 3513 1157 3583; baseline -0.003 -18"><span class='ocrx_word' id='word_1_162' title='bbox 98 3515 166 3568; x_wconf 74' lang='lat' dir='ltr'>telle.</span> <span class='ocrx_word' id='word_1_163' title='bbox 178 3543 212 3552; x_wconf 84' lang='lat'>-</span> <span class='ocrx_word' id='word_1_164' title='bbox 224 3518 251 3566; x_wconf 80' lang='lat' dir='ltr'>io</span> <span class='ocrx_word' id='word_1_165' title='bbox 263 3515 364 3565; x_wconf 74' lang='lat' dir='ltr'>Italiam</span> <span class='ocrx_word' id='word_1_166' title='bbox 373 3517 445 3583; x_wconf 74' lang='lat' dir='ltr'>pros.</span> <span class='ocrx_word' id='word_1_167' title='bbox 471 3514 602 3565; x_wconf 80' lang='lat' dir='ltr'>Wiibrcnd</span> <span class='ocrx_word' id='word_1_168' title='bbox 657 3515 779 3580; x_wconf 88' lang='lat' dir='ltr'>Consequ.</span> <span class='ocrx_word' id='word_1_169' title='bbox 797 3516 912 3564; x_wconf 87' lang='lat' dir='ltr'>mebrore</span> <span class='ocrx_word' id='word_1_170' title='bbox 924 3513 991 3564; x_wconf 84' lang='lat' dir='ltr'>Male</span> <span class='ocrx_word' id='word_1_171' title='bbox 1008 3515 1091 3563; x_wconf 88' lang='lat' dir='ltr'>hinter</span> <span class='ocrx_word' id='word_1_172' title='bbox 1103 3513 1157 3562; x_wconf 87' lang='lat' dir='ltr'>ein-</span> 
     </span>
     <span class='ocr_line' id='line_1_23' title="bbox 98 3581 1159 3646; baseline -0.006 -12"><span class='ocrx_word' id='word_1_173' title='bbox 98 3584 182 3634; x_wconf 83' lang='lat' dir='ltr'>(lieses</span> <span class='ocrx_word' id='word_1_174' title='bbox 205 3582 365 3632; x_wconf 81' lang='lat' dir='ltr'>Aulentbalts</span> <span class='ocrx_word' id='word_1_175' title='bbox 388 3584 414 3632; x_wconf 92' lang='lat' dir='ltr'>in</span> <span class='ocrx_word' id='word_1_176' title='bbox 437 3582 601 3646; x_wconf 80' lang='lat' dir='ltr'>Oberitalien,</span> <span class='ocrx_word' id='word_1_177' title='bbox 656 3583 734 3632; x_wconf 85' lang='lat' dir='ltr'>ander</span> <span class='ocrx_word' id='word_1_178' title='bbox 745 3599 795 3632; x_wconf 91' lang='lat' dir='ltr'>von</span> <span class='ocrx_word' id='word_1_179' title='bbox 807 3581 973 3644; x_wconf 81' lang='lat' dir='ltr'>Urnstiindou,</span> <span class='ocrx_word' id='word_1_180' title='bbox 990 3583 1029 3630; x_wconf 89' lang='lat' dir='ltr'>die</span> <span class='ocrx_word' id='word_1_181' title='bbox 1047 3581 1099 3630; x_wconf 87' lang='lat' dir='ltr'>sich</span> <span class='ocrx_word' id='word_1_182' title='bbox 1112 3581 1159 3629; x_wconf 85' lang='lat' dir='ltr'>der</span> 
     </span>
    </p>
   </div>
   <div class='ocr_carea' id='block_1_12' title="bbox 1 3641 1162 3712">
    <p class='ocr_par' dir='ltr' id='par_1_12' title="bbox 1 3641 1162 3712">
     <span class='ocr_line' id='line_1_24' title="bbox 1 3641 1162 3712; baseline -0.003 -12"><span class='ocrx_word' id='word_1_183' title='bbox 1 3641 2 3652; x_wconf 45' lang='lat'><em>³</em></span> <span class='ocrx_word' id='word_1_184' title='bbox 97 3653 182 3700; x_wconf 79' lang='lat' dir='ltr'>wolin</span> <span class='ocrx_word' id='word_1_185' title='bbox 195 3651 236 3700; x_wconf 88' lang='lat' dir='ltr'>ibn</span> <span class='ocrx_word' id='word_1_186' title='bbox 249 3652 282 3700; x_wconf 89' lang='lat' dir='ltr'>im</span> <span class='ocrx_word' id='word_1_187' title='bbox 296 3649 601 3701; x_wconf 82' lang='lat' dir='ltr'>WintervorAllerndie</span> <span class='ocrx_word' id='word_1_188' title='bbox 656 3649 912 3712; x_wconf 83' lang='lat' dir='ltr'>Reibenoeblolgen.</span> <span class='ocrx_word' id='word_1_189' title='bbox 936 3647 996 3697; x_wconf 86' lang='lat' dir='ltr'>Dies</span> <span class='ocrx_word' id='word_1_190' title='bbox 1010 3648 1101 3697; x_wconf 86' lang='lat' dir='ltr'>berubt</span> <span class='ocrx_word' id='word_1_191' title='bbox 1116 3647 1162 3696; x_wconf 82' lang='lat' dir='ltr'>aui</span> 
     </span>
    </p>
   </div>
   <div class='ocr_carea' id='block_1_13' title="bbox 96 3715 1160 4053">
    <p class='ocr_par' dir='ltr' id='par_1_13' title="bbox 96 3715 1160 3988">
     <span class='ocr_line' id='line_1_25' title="bbox 97 3715 1160 3782; baseline -0.004 -14"><span class='ocrx_word' id='word_1_192' title='bbox 97 3717 331 3782; x_wconf 76' lang='lat' dir='ltr'>Angelegenheiten</span> <span class='ocrx_word' id='word_1_193' title='bbox 349 3717 437 3780; x_wconf 81' lang='lat' dir='ltr'>Romo,</span> <span class='ocrx_word' id='word_1_194' title='bbox 456 3717 495 3766; x_wconf 87' lang='lat' dir='ltr'>die</span> <span class='ocrx_word' id='word_1_195' title='bbox 514 3731 543 3766; x_wconf 85' lang='lat' dir='ltr'>er</span> <span class='ocrx_word' id='word_1_196' title='bbox 560 3717 602 3766; x_wconf 86' lang='lat' dir='ltr'>nie</span> <span class='ocrx_word' id='word_1_197' title='bbox 657 3718 702 3766; x_wconf 89' lang='lat' dir='ltr'>des</span> <span class='ocrx_word' id='word_1_198' title='bbox 724 3716 921 3766; x_wconf 84' lang='lat' dir='ltr'>Schriltstellers</span> <span class='ocrx_word' id='word_1_199' title='bbox 943 3719 1078 3778; x_wconf 71' lang='lat' dir='ltr'>grosserer</span> <span class='ocrx_word' id='word_1_200' title='bbox 1097 3715 1160 3764; x_wconf 90' lang='lat' dir='ltr'>oder</span> 
     </span>
     <span class='ocr_line' id='line_1_26' title="bbox 96 3781 1160 3848; baseline -0.006 -12"><span class='ocrx_word' id='word_1_201' title='bbox 96 3801 143 3836; x_wconf 82' lang='lat' dir='ltr'>aus</span> <span class='ocrx_word' id='word_1_202' title='bbox 161 3787 209 3836; x_wconf 81' lang='lat' dir='ltr'>den</span> <span class='ocrx_word' id='word_1_203' title='bbox 226 3785 314 3847; x_wconf 82' lang='lat' dir='ltr'>Augen</span> <span class='ocrx_word' id='word_1_204' title='bbox 338 3785 413 3848; x_wconf 90' lang='lat' dir='ltr'>liess,</span> <span class='ocrx_word' id='word_1_205' title='bbox 435 3784 536 3834; x_wconf 74' lang='lat' dir='ltr'>fubrten</span> <span class='ocrx_word' id='word_1_206' title='bbox 560 3783 603 3846; x_wconf 72' lang='lat' dir='ltr'>(lv</span> <span class='ocrx_word' id='word_1_207' title='bbox 656 3785 803 3848; x_wconf 83' lang='lat' dir='ltr'>geringerer</span> <span class='ocrx_word' id='word_1_208' title='bbox 815 3783 895 3846; x_wconf 86' lang='lat' dir='ltr'>Serge</span> <span class='ocrx_word' id='word_1_209' title='bbox 906 3781 1160 3846; x_wconf 62' lang='lat' dir='ltr'>frinAbwcchselung</span> 
     </span>
     <span class='ocr_line' id='line_1_27' title="bbox 96 3847 1158 3932; baseline -0.002 -30"><span class='ocrx_word' id='word_1_210' title='bbox 96 3856 158 3910; x_wconf 81' lang='grc' dir='ltr'><em>τοῖς</em></span> <span class='ocrx_word' id='word_1_211' title='bbox 174 3853 239 3920; x_wconf 77' lang='grc' dir='ltr'>περὶ</span> <span class='ocrx_word' id='word_1_212' title='bbox 252 3847 353 3903; x_wconf 70' lang='grc' dir='ltr'><em>Πάδον</em></span> <span class='ocrx_word' id='word_1_213' title='bbox 365 3856 483 3922; x_wconf 75' lang='grc' dir='ltr'><em>χωρίοις</em></span> <span class='ocrx_word' id='word_1_214' title='bbox 500 3849 602 3932; x_wconf 56' lang='lat' dir='ltr'>‹nqe-</span> <span class='ocrx_word' id='word_1_215' title='bbox 657 3852 707 3900; x_wconf 91' lang='lat' dir='ltr'>und</span> <span class='ocrx_word' id='word_1_216' title='bbox 725 3851 907 3900; x_wconf 81' lang='lat' dir='ltr'>bestimmtheit</span> <span class='ocrx_word' id='word_1_217' title='bbox 929 3851 973 3899; x_wconf 89' lang='lat' dir='ltr'>des</span> <span class='ocrx_word' id='word_1_218' title='bbox 993 3848 1158 3900; x_wconf 70' lang='lat' dir='ltr'>Ausdruelrs’,</span> 
     </span>
     <span class='ocr_line' id='line_1_28' title="bbox 121 3914 856 3988; baseline -0.008 -18"><span class='ocrx_word' id='word_1_219' title='bbox 121 3922 168 3980; x_wconf 79' lang='grc' dir='ltr'>αζε</span> <span class='ocrx_word' id='word_1_220' title='bbox 192 3914 430 3988; x_wconf 79' lang='grc' dir='ltr'><em>συσκευαζόμενος</em></span> <span class='ocrx_word' id='word_1_221' title='bbox 446 3915 496 3984; x_wconf 79' lang='grc' dir='ltr'>τὴν</span> <span class='ocrx_word' id='word_1_222' title='bbox 520 3919 604 3970; x_wconf 77' lang='grc' dir='ltr'><em>πολιν</em></span> <span class='ocrx_word' id='word_1_223' title='bbox 657 3916 856 3982; x_wconf 66' lang='grc' dir='ltr'><strong>Μηᾱνίςξ430.</strong></span> 
     </span>
    </p>

    <p class='ocr_par' dir='ltr' id='par_1_14' title="bbox 96 3939 1159 4053">
     <span class='ocr_line' id='line_1_29' title="bbox 96 3939 1159 4053; baseline -0.002 -15"><span class='ocrx_word' id='word_1_224' title='bbox 96 3939 165 4040; x_wconf 58' lang='lat' dir='ltr'>iim</span> <span class='ocrx_word' id='word_1_225' title='bbox 178 3988 252 4040; x_wconf 83' lang='lat' dir='ltr'>Caes.</span> <span class='ocrx_word' id='word_1_226' title='bbox 265 3987 327 4052; x_wconf 78' lang='lat'>21),</span> <span class='ocrx_word' id='word_1_227' title='bbox 341 3989 429 4038; x_wconf 81' lang='lat' dir='ltr'>worda</span> <span class='ocrx_word' id='word_1_228' title='bbox 440 3989 481 4038; x_wconf 83' lang='lat' dir='ltr'>die</span> <span class='ocrx_word' id='word_1_229' title='bbox 493 3987 603 4053; x_wconf 85' lang='lat' dir='ltr'>Respre-</span> <span class='ocrx_word' id='word_1_230' title='bbox 682 3985 717 4035; x_wconf 69' lang='lat' dir='ltr'>b.</span> <span class='ocrx_word' id='word_1_231' title='bbox 734 3989 762 4035; x_wconf 81' lang='lat' dir='ltr'>in</span> <span class='ocrx_word' id='word_1_232' title='bbox 777 3988 831 4036; x_wconf 65' lang='lat' dir='ltr'>otoo</span> <span class='ocrx_word' id='word_1_233' title='bbox 849 4010 883 4021; x_wconf 85' lang='lat'>-—</span> <span class='ocrx_word' id='word_1_234' title='bbox 900 3987 945 4051; x_wconf 72' lang='lat' dir='ltr'>qao?</span> <span class='ocrx_word' id='word_1_235' title='bbox 958 3988 1029 4036; x_wconf 76' lang='lat' dir='ltr'>ee&#39;em</span> <span class='ocrx_word' id='word_1_236' title='bbox 1049 4013 1083 4023; x_wconf 76' lang='grc'>-</span> <span class='ocrx_word' id='word_1_237' title='bbox 1103 3988 1159 4037; x_wconf 75' lang='lat' dir='ltr'>eiua</span> 
     </span>
    </p>
   </div>
   <div class='ocr_carea' id='block_1_14' title="bbox 0 0 1404 4482">
    <p class='ocr_par' dir='ltr' id='par_1_15' title="bbox 0 0 1404 4482">
     <span class='ocr_line' id='line_1_30' title="bbox 0 0 1404 4482; baseline 0 0"><span class='ocrx_word' id='word_1_238' title='bbox 0 0 1404 4482; x_wconf 95' lang='lat' dir='ltr'> </span> 
     </span>
    </p>
   </div>
  </div>
 </body>
</html>
