<?xml version="1.0" encoding="UTF-8"?>
<!DOCTYPE html PUBLIC "-//W3C//DTD XHTML 1.0 Transitional//EN"
    "http://www.w3.org/TR/xhtml1/DTD/xhtml1-transitional.dtd">
<html xmlns="http://www.w3.org/1999/xhtml" xml:lang="en" lang="en">
 <head>
  <title>
</title>
<meta http-equiv="Content-Type" content="text/html;charset=utf-8" />
  <meta name='ocr-system' content='tesseract 3.04.00' />
  <meta name='ocr-capabilities' content='ocr_page ocr_carea ocr_par ocr_line ocrx_word'/>
</head>
<body>
  <div class='ocr_page' id='page_1' title='image "./ciuliicaesarisc04krangoog_0229.png"; bbox 0 0 2828 4480; ppageno 0'>
   <div class='ocr_carea' id='block_1_1' title="bbox 604 375 932 427">
    <p class='ocr_par' dir='ltr' id='par_1_1' title="bbox 604 375 932 427">
     <span class='ocr_line' id='line_1_1' title="bbox 604 375 932 427; baseline 0.003 -1"><span class='ocrx_word' id='word_1_1' title='bbox 604 377 647 427; x_wconf 78' lang='grc' dir='ltr'><strong>ΒΕ</strong></span> <span class='ocrx_word' id='word_1_2' title='bbox 666 377 772 427; x_wconf 86' lang='lat' dir='ltr'>BELLO</span> <span class='ocrx_word' id='word_1_3' title='bbox 791 375 932 427; x_wconf 78' lang='lat' dir='ltr'><strong>GALLICO</strong></span> 
     </span>
    </p>
   </div>
   <div class='ocr_carea' id='block_1_2' title="bbox 146 363 304 438">
    <p class='ocr_par' dir='ltr' id='par_1_2' title="bbox 146 363 304 438">
     <span class='ocr_line' id='line_1_2' title="bbox 146 363 304 438; baseline 0 0"><span class='ocrx_word' id='word_1_4' title='bbox 146 363 147 368; x_wconf 69' lang='lat'>&#39;</span> <span class='ocrx_word' id='word_1_5' title='bbox 241 379 304 438; x_wconf 78' lang='lat'><strong>214</strong></span> 
     </span>
    </p>
   </div>
   <div class='ocr_carea' id='block_1_3' title="bbox 152 525 1367 2302">
    <p class='ocr_par' dir='ltr' id='par_1_3' title="bbox 152 525 1297 780">
     <span class='ocr_line' id='line_1_3' title="bbox 152 525 1296 612; baseline 0 -17"><span class='ocrx_word' id='word_1_6' title='bbox 152 525 158 534; x_wconf 59' lang='grc'><strong>”</strong></span> <span class='ocrx_word' id='word_1_7' title='bbox 203 543 218 596; x_wconf 86' lang='grc'><strong>6</strong></span> <span class='ocrx_word' id='word_1_8' title='bbox 240 531 432 610; x_wconf 78' lang='lat' dir='ltr'><strong>conspicatur.</strong></span> <span class='ocrx_word' id='word_1_9' title='bbox 465 530 534 590; x_wconf 83' lang='lat' dir='ltr'>Erat</span> <span class='ocrx_word' id='word_1_10' title='bbox 553 530 650 610; x_wconf 84' lang='lat' dir='ltr'><strong>magni</strong></span> <span class='ocrx_word' id='word_1_11' title='bbox 670 531 788 610; x_wconf 89' lang='lat' dir='ltr'><strong>periculi</strong></span> <span class='ocrx_word' id='word_1_12' title='bbox 808 550 855 592; x_wconf 90' lang='lat' dir='ltr'><strong>res</strong></span> <span class='ocrx_word' id='word_1_13' title='bbox 874 530 990 592; x_wconf 89' lang='lat' dir='ltr'><strong>tantulis</strong></span> <span class='ocrx_word' id='word_1_14' title='bbox 1007 531 1098 610; x_wconf 93' lang='lat' dir='ltr'><strong>copiis</strong></span> <span class='ocrx_word' id='word_1_15' title='bbox 1114 531 1213 612; x_wconf 93' lang='lat' dir='ltr'><strong>iniquo</strong></span> <span class='ocrx_word' id='word_1_16' title='bbox 1228 532 1296 595; x_wconf 89' lang='lat' dir='ltr'><strong>loco</strong></span> 
     </span>
     <span class='ocr_line' id='line_1_4' title="bbox 238 615 1297 694; baseline 0.003 -18"><span class='ocrx_word' id='word_1_17' title='bbox 238 615 388 689; x_wconf 83' lang='lat' dir='ltr'><strong>dimicare3</strong></span> <span class='ocrx_word' id='word_1_18' title='bbox 407 624 484 689; x_wconf 91' lang='lat' dir='ltr'><strong>tum,</strong></span> <span class='ocrx_word' id='word_1_19' title='bbox 504 616 641 694; x_wconf 88' lang='lat' dir='ltr'><strong>quoniam</strong></span> <span class='ocrx_word' id='word_1_20' title='bbox 663 616 814 677; x_wconf 81' lang='lat' dir='ltr'>obsidione</span> <span class='ocrx_word' id='word_1_21' title='bbox 828 617 978 676; x_wconf 89' lang='lat' dir='ltr'><strong>liberatum</strong></span> <span class='ocrx_word' id='word_1_22' title='bbox 993 617 1163 677; x_wconf 84' lang='lat' dir='ltr'><strong>Ciceronem</strong></span> <span class='ocrx_word' id='word_1_23' title='bbox 1178 617 1297 691; x_wconf 89' lang='lat' dir='ltr'><strong>sciebat,</strong></span> 
     </span>
     <span class='ocr_line' id='line_1_5' title="bbox 238 700 1297 780; baseline 0.002 -19"><span class='ocrx_word' id='word_1_24' title='bbox 238 719 329 780; x_wconf 91' lang='lat' dir='ltr'><strong>aequo</strong></span> <span class='ocrx_word' id='word_1_25' title='bbox 349 700 446 761; x_wconf 91' lang='lat' dir='ltr'><strong>animo</strong></span> <span class='ocrx_word' id='word_1_26' title='bbox 466 701 671 762; x_wconf 87' lang='lat' dir='ltr'><strong>remittendum</strong></span> <span class='ocrx_word' id='word_1_27' title='bbox 693 702 728 762; x_wconf 92' lang='lat' dir='ltr'><strong>de</strong></span> <span class='ocrx_word' id='word_1_28' title='bbox 744 701 884 762; x_wconf 89' lang='lat' dir='ltr'><strong>celeritate</strong></span> <span class='ocrx_word' id='word_1_29' title='bbox 899 701 1091 762; x_wconf 81' lang='lat' dir='ltr'><strong>existimabat:</strong></span> <span class='ocrx_word' id='word_1_30' title='bbox 1112 703 1246 763; x_wconf 83' lang='lat' dir='ltr'><strong>consedit</strong></span> <span class='ocrx_word' id='word_1_31' title='bbox 1260 711 1297 774; x_wconf 85' lang='lat' dir='ltr'><strong>et,</strong></span> 
     </span>
    </p>

    <p class='ocr_par' dir='ltr' id='par_1_4' title="bbox 202 785 1348 1120">
     <span class='ocr_line' id='line_1_6' title="bbox 202 785 1297 866; baseline 0.003 -21"><span class='ocrx_word' id='word_1_32' title='bbox 202 792 216 845; x_wconf 82' lang='lat'><strong>7</strong></span> <span class='ocrx_word' id='word_1_33' title='bbox 237 804 324 864; x_wconf 90' lang='lat' dir='ltr'><strong>quam</strong></span> <span class='ocrx_word' id='word_1_34' title='bbox 339 785 514 864; x_wconf 90' lang='lat' dir='ltr'><strong>aequissimo</strong></span> <span class='ocrx_word' id='word_1_35' title='bbox 534 787 598 846; x_wconf 88' lang='lat' dir='ltr'><strong>loco</strong></span> <span class='ocrx_word' id='word_1_36' title='bbox 620 794 729 865; x_wconf 91' lang='lat' dir='ltr'><strong>potest,</strong></span> <span class='ocrx_word' id='word_1_37' title='bbox 750 795 843 846; x_wconf 87' lang='lat' dir='ltr'><strong>castra</strong></span> <span class='ocrx_word' id='word_1_38' title='bbox 860 786 1023 847; x_wconf 79' lang='lat' dir='ltr'><strong>communit</strong></span> <span class='ocrx_word' id='word_1_39' title='bbox 1037 794 1123 866; x_wconf 91' lang='lat' dir='ltr'><strong>atque</strong></span> <span class='ocrx_word' id='word_1_40' title='bbox 1137 787 1220 862; x_wconf 91' lang='lat' dir='ltr'><strong>baec,</strong></span> <span class='ocrx_word' id='word_1_41' title='bbox 1242 789 1297 848; x_wconf 88' lang='lat' dir='ltr'><strong>etsi</strong></span> 
     </span>
     <span class='ocr_line' id='line_1_7' title="bbox 238 869 1296 950; baseline 0.003 -20"><span class='ocrx_word' id='word_1_42' title='bbox 238 877 320 931; x_wconf 90' lang='lat' dir='ltr'><strong>erant</strong></span> <span class='ocrx_word' id='word_1_43' title='bbox 335 870 435 948; x_wconf 81' lang='lat' dir='ltr'><strong>exigua</strong></span> <span class='ocrx_word' id='word_1_44' title='bbox 450 889 558 950; x_wconf 90' lang='lat' dir='ltr'><strong>perse,</strong></span> <span class='ocrx_word' id='word_1_45' title='bbox 574 871 621 931; x_wconf 82' lang='lat' dir='ltr'><strong>vix</strong></span> <span class='ocrx_word' id='word_1_46' title='bbox 635 869 788 930; x_wconf 88' lang='lat' dir='ltr'><strong>hominum</strong></span> <span class='ocrx_word' id='word_1_47' title='bbox 799 870 910 930; x_wconf 90' lang='lat' dir='ltr'><strong>mibum</strong></span> <span class='ocrx_word' id='word_1_48' title='bbox 924 878 1034 950; x_wconf 85' lang='lat' dir='ltr'><strong>septem</strong></span> <span class='ocrx_word' id='word_1_49' title='bbox 1045 871 1296 950; x_wconf 88' lang='lat' dir='ltr'><strong>praesertim-nul-</strong></span> 
     </span>
     <span class='ocr_line' id='line_1_8' title="bbox 236 954 1348 1034; baseline 0.001 -18"><span class='ocrx_word' id='word_1_50' title='bbox 236 955 272 1016; x_wconf 90' lang='lat' dir='ltr'><strong>lis</strong></span> <span class='ocrx_word' id='word_1_51' title='bbox 298 973 365 1014; x_wconf 90' lang='lat' dir='ltr'><strong>cum</strong></span> <span class='ocrx_word' id='word_1_52' title='bbox 383 954 612 1034; x_wconf 88' lang='lat' dir='ltr'><strong>impedimentis,</strong></span> <span class='ocrx_word' id='word_1_53' title='bbox 637 962 734 1015; x_wconf 84' lang='lat' dir='ltr'><strong>tamen</strong></span> <span class='ocrx_word' id='word_1_54' title='bbox 754 955 894 1033; x_wconf 81' lang='lat' dir='ltr'><strong>angustiis</strong></span> <span class='ocrx_word' id='word_1_55' title='bbox 914 955 1037 1030; x_wconf 86' lang='lat' dir='ltr'><strong>viarum,</strong></span> <span class='ocrx_word' id='word_1_56' title='bbox 1064 975 1152 1034; x_wconf 90' lang='lat' dir='ltr'><strong>quam</strong></span> <span class='ocrx_word' id='word_1_57' title='bbox 1171 957 1297 1018; x_wconf 82' lang='lat' dir='ltr'><strong>maxime</strong></span> <span class='ocrx_word' id='word_1_58' title='bbox 1340 985 1348 998; x_wconf 90' lang='lat'><strong>·</strong></span> 
     </span>
     <span class='ocr_line' id='line_1_9' title="bbox 237 1039 1296 1120; baseline 0.002 -20"><span class='ocrx_word' id='word_1_59' title='bbox 237 1047 347 1118; x_wconf 88' lang='lat' dir='ltr'><strong>potest,</strong></span> <span class='ocrx_word' id='word_1_60' title='bbox 374 1039 529 1112; x_wconf 82' lang='lat' dir='ltr'><strong>contrahit,</strong></span> <span class='ocrx_word' id='word_1_61' title='bbox 555 1059 589 1100; x_wconf 91' lang='lat' dir='ltr'><strong>eo</strong></span> <span class='ocrx_word' id='word_1_62' title='bbox 617 1039 753 1112; x_wconf 90' lang='lat' dir='ltr'><strong>consilio,</strong></span> <span class='ocrx_word' id='word_1_63' title='bbox 779 1040 861 1100; x_wconf 90' lang='lat' dir='ltr'><strong>utin</strong></span> <span class='ocrx_word' id='word_1_64' title='bbox 880 1059 1025 1101; x_wconf 88' lang='lat' dir='ltr'><strong>summam</strong></span> <span class='ocrx_word' id='word_1_65' title='bbox 1047 1042 1296 1120; x_wconf 86' lang='lat' dir='ltr'><strong>contemptionem</strong></span> 
     </span>
    </p>

    <p class='ocr_par' dir='ltr' id='par_1_5' title="bbox 201 1123 1295 1290">
     <span class='ocr_line' id='line_1_10' title="bbox 201 1123 1295 1205; baseline -0.001 -17"><span class='ocrx_word' id='word_1_66' title='bbox 201 1137 215 1188; x_wconf 88' lang='lat'>8</span> <span class='ocrx_word' id='word_1_67' title='bbox 237 1124 370 1184; x_wconf 85' lang='lat' dir='ltr'><strong>hostibus</strong></span> <span class='ocrx_word' id='word_1_68' title='bbox 386 1125 488 1184; x_wconf 81' lang='lat' dir='ltr'><strong>veniat</strong></span> <span class='ocrx_word' id='word_1_69' title='bbox 511 1123 629 1184; x_wconf 89' lang='lat' dir='ltr'><strong>Interim</strong></span> <span class='ocrx_word' id='word_1_70' title='bbox 644 1125 873 1204; x_wconf 82' lang='lat' dir='ltr'><strong>speculatoribus</strong></span> <span class='ocrx_word' id='word_1_71' title='bbox 888 1125 918 1184; x_wconf 96' lang='lat' dir='ltr'><strong>in</strong></span> <span class='ocrx_word' id='word_1_72' title='bbox 934 1144 1036 1186; x_wconf 91' lang='lat' dir='ltr'><strong>omnes</strong></span> <span class='ocrx_word' id='word_1_73' title='bbox 1051 1133 1148 1205; x_wconf 85' lang='lat' dir='ltr'><strong>partes</strong></span> <span class='ocrx_word' id='word_1_74' title='bbox 1164 1126 1295 1188; x_wconf 88' lang='lat' dir='ltr'><strong>dimissis</strong></span> 
     </span>
     <span class='ocr_line' id='line_1_11' title="bbox 236 1209 1189 1290; baseline 0.003 -22"><span class='ocrx_word' id='word_1_75' title='bbox 236 1209 379 1288; x_wconf 85' lang='lat' dir='ltr'><strong>explorat,</strong></span> <span class='ocrx_word' id='word_1_76' title='bbox 393 1228 450 1287; x_wconf 91' lang='lat' dir='ltr'><strong>quc</strong></span> <span class='ocrx_word' id='word_1_77' title='bbox 467 1209 705 1270; x_wconf 87' lang='lat' dir='ltr'><strong>commodissime</strong></span> <span class='ocrx_word' id='word_1_78' title='bbox 719 1209 820 1270; x_wconf 90' lang='lat' dir='ltr'><strong>itinere</strong></span> <span class='ocrx_word' id='word_1_79' title='bbox 833 1210 934 1271; x_wconf 84' lang='lat' dir='ltr'><strong>vallem</strong></span> <span class='ocrx_word' id='word_1_80' title='bbox 949 1211 1072 1271; x_wconf 87' lang='lat' dir='ltr'><strong>transire</strong></span> <span class='ocrx_word' id='word_1_81' title='bbox 1085 1211 1189 1290; x_wconf 85' lang='lat' dir='ltr'><strong>possit.</strong></span> 
     </span>
    </p>

    <p class='ocr_par' dir='ltr' id='par_1_6' title="bbox 321 1293 1294 1375">
     <span class='ocr_line' id='line_1_12' title="bbox 321 1293 1294 1375; baseline -0.001 -17"><span class='ocrx_word' id='word_1_82' title='bbox 321 1300 373 1358; x_wconf 83' lang='lat'><strong>50.</strong></span> <span class='ocrx_word' id='word_1_83' title='bbox 403 1293 447 1354; x_wconf 87' lang='lat' dir='ltr'><strong>Eo</strong></span> <span class='ocrx_word' id='word_1_84' title='bbox 474 1293 519 1354; x_wconf 90' lang='lat' dir='ltr'><strong>die</strong></span> <span class='ocrx_word' id='word_1_85' title='bbox 544 1294 670 1372; x_wconf 90' lang='lat' dir='ltr'><strong>parvulis</strong></span> <span class='ocrx_word' id='word_1_86' title='bbox 691 1294 872 1373; x_wconf 82' lang='lat' dir='ltr'><strong>equestribus</strong></span> <span class='ocrx_word' id='word_1_87' title='bbox 892 1295 1010 1374; x_wconf 90' lang='lat' dir='ltr'><strong>proeliis</strong></span> <span class='ocrx_word' id='word_1_88' title='bbox 1031 1296 1066 1356; x_wconf 90' lang='lat' dir='ltr'><strong>ad</strong></span> <span class='ocrx_word' id='word_1_89' title='bbox 1086 1315 1190 1375; x_wconf 84' lang='lat' dir='ltr'><strong>aquam</strong></span> <span class='ocrx_word' id='word_1_90' title='bbox 1211 1297 1294 1357; x_wconf 85' lang='lat' dir='ltr'><strong>factis</strong></span> 
     </span>
    </p>

    <p class='ocr_par' dir='ltr' id='par_1_7' title="bbox 199 1377 1294 1460">
     <span class='ocr_line' id='line_1_13' title="bbox 199 1377 1294 1460; baseline 0.003 -22"><span class='ocrx_word' id='word_1_91' title='bbox 199 1387 214 1438; x_wconf 81' lang='lat'>2</span> <span class='ocrx_word' id='word_1_92' title='bbox 234 1377 349 1456; x_wconf 90' lang='lat' dir='ltr'><strong>utrique</strong></span> <span class='ocrx_word' id='word_1_93' title='bbox 369 1381 434 1438; x_wconf 82' lang='lat' dir='ltr'><strong>se&#39;se</strong></span> <span class='ocrx_word' id='word_1_94' title='bbox 453 1397 506 1439; x_wconf 91' lang='lat' dir='ltr'><strong>suo</strong></span> <span class='ocrx_word' id='word_1_95' title='bbox 527 1378 592 1439; x_wconf 92' lang='lat' dir='ltr'><strong>loco</strong></span> <span class='ocrx_word' id='word_1_96' title='bbox 614 1379 776 1440; x_wconf 82' lang='lat' dir='ltr'><strong>continent:</strong></span> <span class='ocrx_word' id='word_1_97' title='bbox 804 1379 888 1452; x_wconf 87' lang='lat' dir='ltr'><strong>Galli,</strong></span> <span class='ocrx_word' id='word_1_98' title='bbox 910 1381 989 1458; x_wconf 90' lang='lat' dir='ltr'><strong>quod</strong></span> <span class='ocrx_word' id='word_1_99' title='bbox 1009 1381 1164 1460; x_wconf 87' lang='lat' dir='ltr'><strong>ampberes</strong></span> <span class='ocrx_word' id='word_1_100' title='bbox 1186 1381 1294 1460; x_wconf 90' lang='lat' dir='ltr'><strong>copias,</strong></span> 
     </span>
    </p>

    <p class='ocr_par' dir='ltr' id='par_1_8' title="bbox 199 1464 1367 1798">
     <span class='ocr_line' id='line_1_14' title="bbox 199 1464 1367 1543; baseline 0.004 -21"><span class='ocrx_word' id='word_1_101' title='bbox 199 1472 215 1522; x_wconf 89' lang='lat'><strong>3</strong></span> <span class='ocrx_word' id='word_1_102' title='bbox 236 1481 307 1540; x_wconf 84' lang='lat' dir='ltr'><strong>quae</strong></span> <span class='ocrx_word' id='word_1_103' title='bbox 322 1465 456 1524; x_wconf 91' lang='lat' dir='ltr'><strong>nondum</strong></span> <span class='ocrx_word' id='word_1_104' title='bbox 472 1472 674 1537; x_wconf 87' lang='lat' dir='ltr'><strong>convenerant,</strong></span> <span class='ocrx_word' id='word_1_105' title='bbox 689 1464 905 1543; x_wconf 85' lang='lat' dir='ltr'><strong>exspectabant:</strong></span> <span class='ocrx_word' id='word_1_106' title='bbox 921 1464 1034 1540; x_wconf 68' lang='lat' dir='ltr'><strong>Caesar,</strong></span> <span class='ocrx_word' id='word_1_107' title='bbox 1050 1465 1075 1525; x_wconf 94' lang='lat' dir='ltr'><strong>si</strong></span> <span class='ocrx_word' id='word_1_108' title='bbox 1090 1466 1167 1525; x_wconf 82' lang='lat' dir='ltr'><strong>forte</strong></span> <span class='ocrx_word' id='word_1_109' title='bbox 1177 1465 1292 1527; x_wconf 93' lang='lat' dir='ltr'><strong>timoris</strong></span> <span class='ocrx_word' id='word_1_110' title='bbox 1365 1523 1367 1527; x_wconf 87' lang='lat'>.</span> 
     </span>
     <span class='ocr_line' id='line_1_15' title="bbox 236 1547 1293 1628; baseline 0.004 -21"><span class='ocrx_word' id='word_1_111' title='bbox 236 1547 418 1608; x_wconf 89' lang='lat' dir='ltr'><strong>simulatione</strong></span> <span class='ocrx_word' id='word_1_112' title='bbox 432 1549 531 1608; x_wconf 88' lang='lat' dir='ltr'><strong>hostes</strong></span> <span class='ocrx_word' id='word_1_113' title='bbox 552 1549 582 1609; x_wconf 93' lang='lat' dir='ltr'><strong>in</strong></span> <span class='ocrx_word' id='word_1_114' title='bbox 598 1568 685 1609; x_wconf 86' lang='lat' dir='ltr'><strong>suum</strong></span> <span class='ocrx_word' id='word_1_115' title='bbox 699 1549 798 1610; x_wconf 91' lang='lat' dir='ltr'><strong>locum</strong></span> <span class='ocrx_word' id='word_1_116' title='bbox 813 1549 913 1610; x_wconf 87' lang='lat' dir='ltr'><strong>elicere</strong></span> <span class='ocrx_word' id='word_1_117' title='bbox 927 1555 1040 1628; x_wconf 91' lang='lat' dir='ltr'><strong>posset,</strong></span> <span class='ocrx_word' id='word_1_118' title='bbox 1059 1557 1093 1610; x_wconf 91' lang='lat' dir='ltr'><strong>ut</strong></span> <span class='ocrx_word' id='word_1_119' title='bbox 1107 1550 1176 1610; x_wconf 91' lang='lat' dir='ltr'><strong>citra</strong></span> <span class='ocrx_word' id='word_1_120' title='bbox 1190 1551 1293 1612; x_wconf 84' lang='lat' dir='ltr'><strong>vallem</strong></span> 
     </span>
     <span class='ocr_line' id='line_1_16' title="bbox 234 1633 1294 1714; baseline 0.004 -22"><span class='ocrx_word' id='word_1_121' title='bbox 234 1651 289 1710; x_wconf 91' lang='lat' dir='ltr'><strong>pro</strong></span> <span class='ocrx_word' id='word_1_122' title='bbox 307 1633 408 1693; x_wconf 84' lang='lat' dir='ltr'><strong>castris</strong></span> <span class='ocrx_word' id='word_1_123' title='bbox 424 1634 536 1713; x_wconf 90' lang='lat' dir='ltr'><strong>proelio</strong></span> <span class='ocrx_word' id='word_1_124' title='bbox 553 1635 752 1708; x_wconf 81' lang='lat' dir='ltr'><strong>contenderet,</strong></span> <span class='ocrx_word' id='word_1_125' title='bbox 773 1633 797 1694; x_wconf 91' lang='lat' dir='ltr'><strong>si</strong></span> <span class='ocrx_word' id='word_1_126' title='bbox 813 1634 841 1694; x_wconf 95' lang='lat' dir='ltr'><strong>id</strong></span> <span class='ocrx_word' id='word_1_127' title='bbox 857 1635 970 1695; x_wconf 87' lang='lat' dir='ltr'><strong>efficere</strong></span> <span class='ocrx_word' id='word_1_128' title='bbox 984 1653 1045 1694; x_wconf 93' lang='lat' dir='ltr'><strong>non</strong></span> <span class='ocrx_word' id='word_1_129' title='bbox 1061 1643 1174 1714; x_wconf 89' lang='lat' dir='ltr'><strong>posset,</strong></span> <span class='ocrx_word' id='word_1_130' title='bbox 1194 1643 1228 1695; x_wconf 88' lang='lat' dir='ltr'><strong>ut</strong></span> <span class='ocrx_word' id='word_1_131' title='bbox 1242 1655 1294 1696; x_wconf 86' lang='lat' dir='ltr'><strong>ex-</strong></span> 
     </span>
     <span class='ocr_line' id='line_1_17' title="bbox 233 1717 1293 1798; baseline 0.004 -21"><span class='ocrx_word' id='word_1_132' title='bbox 233 1717 353 1796; x_wconf 86' lang='lat' dir='ltr'><strong>ploratis</strong></span> <span class='ocrx_word' id='word_1_133' title='bbox 374 1717 523 1778; x_wconf 86' lang='lat' dir='ltr'><strong>itineribus</strong></span> <span class='ocrx_word' id='word_1_134' title='bbox 543 1719 657 1780; x_wconf 91' lang='lat' dir='ltr'><strong>minore</strong></span> <span class='ocrx_word' id='word_1_135' title='bbox 673 1738 739 1779; x_wconf 90' lang='lat' dir='ltr'><strong>curn</strong></span> <span class='ocrx_word' id='word_1_136' title='bbox 758 1719 886 1798; x_wconf 90' lang='lat' dir='ltr'><strong>periculo</strong></span> <span class='ocrx_word' id='word_1_137' title='bbox 906 1719 1006 1779; x_wconf 86' lang='lat' dir='ltr'><strong>vallem</strong></span> <span class='ocrx_word' id='word_1_138' title='bbox 1025 1719 1176 1798; x_wconf 87' lang='lat' dir='ltr'><strong>rivumque</strong></span> <span class='ocrx_word' id='word_1_139' title='bbox 1194 1727 1293 1781; x_wconf 88' lang='lat' dir='ltr'><strong>trans-</strong></span> 
     </span>
    </p>

    <p class='ocr_par' dir='ltr' id='par_1_9' title="bbox 197 1802 1292 1883">
     <span class='ocr_line' id='line_1_18' title="bbox 197 1802 1292 1883; baseline 0.004 -22"><span class='ocrx_word' id='word_1_140' title='bbox 197 1811 214 1861; x_wconf 89' lang='grc'><strong>4</strong></span> <span class='ocrx_word' id='word_1_141' title='bbox 233 1802 294 1862; x_wconf 90' lang='lat' dir='ltr'><strong>iret.</strong></span> <span class='ocrx_word' id='word_1_142' title='bbox 327 1803 425 1862; x_wconf 90' lang='lat' dir='ltr'><strong>Prima</strong></span> <span class='ocrx_word' id='word_1_143' title='bbox 450 1803 513 1862; x_wconf 89' lang='lat' dir='ltr'><strong>luce</strong></span> <span class='ocrx_word' id='word_1_144' title='bbox 533 1804 663 1864; x_wconf 87' lang='lat' dir='ltr'><strong>bostium</strong></span> <span class='ocrx_word' id='word_1_145' title='bbox 684 1804 825 1882; x_wconf 85' lang='lat' dir='ltr'><strong>equitatus</strong></span> <span class='ocrx_word' id='word_1_146' title='bbox 846 1805 882 1865; x_wconf 91' lang='lat' dir='ltr'><strong>ad</strong></span> <span class='ocrx_word' id='word_1_147' title='bbox 898 1810 991 1864; x_wconf 88' lang='lat' dir='ltr'><strong>castra</strong></span> <span class='ocrx_word' id='word_1_148' title='bbox 1005 1803 1113 1865; x_wconf 82' lang='lat' dir='ltr'><strong>accedit</strong></span> <span class='ocrx_word' id='word_1_149' title='bbox 1127 1805 1292 1883; x_wconf 90' lang='lat' dir='ltr'><strong>proelium-</strong></span> 
     </span>
    </p>

    <p class='ocr_par' dir='ltr' id='par_1_10' title="bbox 197 1882 1295 2302">
     <span class='ocr_line' id='line_1_19' title="bbox 197 1882 1295 1968; baseline 0.006 -24"><span class='ocrx_word' id='word_1_150' title='bbox 197 1896 212 1944; x_wconf 84' lang='lat'>5</span> <span class='ocrx_word' id='word_1_151' title='bbox 234 1906 289 1965; x_wconf 91' lang='lat' dir='ltr'><strong>que</strong></span> <span class='ocrx_word' id='word_1_152' title='bbox 316 1907 382 1948; x_wconf 92' lang='lat' dir='ltr'><strong>cum</strong></span> <span class='ocrx_word' id='word_1_153' title='bbox 407 1888 518 1948; x_wconf 92' lang='lat' dir='ltr'><strong>nostris</strong></span> <span class='ocrx_word' id='word_1_154' title='bbox 535 1889 680 1966; x_wconf 90' lang='lat' dir='ltr'><strong>equitibus</strong></span> <span class='ocrx_word' id='word_1_155' title='bbox 700 1888 862 1949; x_wconf 90' lang='lat' dir='ltr'><strong>committit.</strong></span> <span class='ocrx_word' id='word_1_156' title='bbox 900 1887 1005 1950; x_wconf 88' lang='lat' dir='ltr'><strong>Caesar</strong></span> <span class='ocrx_word' id='word_1_157' title='bbox 1024 1890 1157 1951; x_wconf 88' lang='lat' dir='ltr'><strong>consulto</strong></span> <span class='ocrx_word' id='word_1_158' title='bbox 1179 1882 1295 1968; x_wconf 80' lang='lat' dir='ltr'><strong>equites&#39;</strong></span> 
     </span>
     <span class='ocr_line' id='line_1_20' title="bbox 233 1972 1291 2053; baseline 0.007 -23"><span class='ocrx_word' id='word_1_159' title='bbox 233 1972 334 2031; x_wconf 87' lang='lat' dir='ltr'><strong>cedere</strong></span> <span class='ocrx_word' id='word_1_160' title='bbox 349 1991 436 2050; x_wconf 90' lang='lat' dir='ltr'><strong>seque</strong></span> <span class='ocrx_word' id='word_1_161' title='bbox 450 1973 483 2032; x_wconf 91' lang='lat' dir='ltr'><strong>in</strong></span> <span class='ocrx_word' id='word_1_162' title='bbox 499 1980 590 2034; x_wconf 87' lang='lat' dir='ltr'><strong>castra</strong></span> <span class='ocrx_word' id='word_1_163' title='bbox 605 1973 733 2052; x_wconf 90' lang='lat' dir='ltr'><strong>recipere</strong></span> <span class='ocrx_word' id='word_1_164' title='bbox 747 1973 838 2045; x_wconf 73' lang='lat' dir='ltr'><strong>iubet,</strong></span> <span class='ocrx_word' id='word_1_165' title='bbox 854 1972 942 2034; x_wconf 91' lang='lat' dir='ltr'><strong>simul</strong></span> <span class='ocrx_word' id='word_1_166' title='bbox 956 1993 988 2034; x_wconf 88' lang='lat' dir='ltr'><strong>ex</strong></span> <span class='ocrx_word' id='word_1_167' title='bbox 1006 1975 1142 2035; x_wconf 91' lang='lat' dir='ltr'><strong>omnibus</strong></span> <span class='ocrx_word' id='word_1_168' title='bbox 1157 1975 1291 2053; x_wconf 91' lang='lat' dir='ltr'><strong>partibus</strong></span> 
     </span>
     <span class='ocr_line' id='line_1_21' title="bbox 233 2055 1291 2137; baseline 0.006 -23"><span class='ocrx_word' id='word_1_169' title='bbox 233 2062 324 2116; x_wconf 87' lang='lat' dir='ltr'><strong>castra</strong></span> <span class='ocrx_word' id='word_1_170' title='bbox 345 2055 445 2117; x_wconf 88' lang='lat' dir='ltr'><strong>altiore</strong></span> <span class='ocrx_word' id='word_1_171' title='bbox 464 2057 535 2117; x_wconf 90' lang='lat' dir='ltr'><strong>vallo</strong></span> <span class='ocrx_word' id='word_1_172' title='bbox 556 2057 664 2118; x_wconf 91' lang='lat' dir='ltr'><strong>muniri</strong></span> <span class='ocrx_word' id='word_1_173' title='bbox 684 2066 842 2137; x_wconf 88' lang='lat' dir='ltr'><strong>portasque</strong></span> <span class='ocrx_word' id='word_1_174' title='bbox 861 2057 973 2118; x_wconf 90' lang='lat' dir='ltr'><strong>obstrui</strong></span> <span class='ocrx_word' id='word_1_175' title='bbox 989 2066 1075 2137; x_wconf 89' lang='lat' dir='ltr'><strong>atque</strong></span> <span class='ocrx_word' id='word_1_176' title='bbox 1089 2059 1119 2121; x_wconf 90' lang='lat' dir='ltr'><strong>in</strong></span> <span class='ocrx_word' id='word_1_177' title='bbox 1134 2059 1180 2119; x_wconf 91' lang='lat' dir='ltr'><strong>his</strong></span> <span class='ocrx_word' id='word_1_178' title='bbox 1195 2060 1291 2120; x_wconf 91' lang='lat' dir='ltr'><strong>admi-</strong></span> 
     </span>
     <span class='ocr_line' id='line_1_22' title="bbox 231 2139 1292 2219; baseline 0.006 -20"><span class='ocrx_word' id='word_1_179' title='bbox 231 2139 389 2200; x_wconf 89' lang='lat' dir='ltr'><strong>nistrandis</strong></span> <span class='ocrx_word' id='word_1_180' title='bbox 415 2142 502 2202; x_wconf 89' lang='lat' dir='ltr'><strong>rebus</strong></span> <span class='ocrx_word' id='word_1_181' title='bbox 529 2161 617 2219; x_wconf 88' lang='lat' dir='ltr'><strong>quam</strong></span> <span class='ocrx_word' id='word_1_182' title='bbox 641 2142 765 2203; x_wconf 83' lang='lat' dir='ltr'><strong>maxime</strong></span> <span class='ocrx_word' id='word_1_183' title='bbox 786 2143 953 2204; x_wconf 86' lang='lat' dir='ltr'><strong>concursari</strong></span> <span class='ocrx_word' id='word_1_184' title='bbox 972 2150 1000 2204; x_wconf 93' lang='lat' dir='ltr'><strong>et</strong></span> <span class='ocrx_word' id='word_1_185' title='bbox 1020 2163 1087 2204; x_wconf 93' lang='lat' dir='ltr'><strong>cum</strong></span> <span class='ocrx_word' id='word_1_186' title='bbox 1107 2143 1292 2205; x_wconf 88' lang='lat' dir='ltr'><strong>simulatione</strong></span> 
     </span>
     <span class='ocr_line' id='line_1_23' title="bbox 232 2224 508 2302; baseline 0.007 -18"><span class='ocrx_word' id='word_1_187' title='bbox 232 2224 278 2302; x_wconf 84' lang='lat' dir='ltr'><strong>agi</strong></span> <span class='ocrx_word' id='word_1_188' title='bbox 292 2225 406 2286; x_wconf 87' lang='lat' dir='ltr'><strong>timoris</strong></span> <span class='ocrx_word' id='word_1_189' title='bbox 420 2225 508 2286; x_wconf 91' lang='lat' dir='ltr'><strong>iubet.</strong></span> 
     </span>
    </p>
   </div>
   <div class='ocr_carea' id='block_1_4' title="bbox 139 2391 1291 3204">
    <p class='ocr_par' dir='ltr' id='par_1_11' title="bbox 139 2391 1291 3204">
     <span class='ocr_line' id='line_1_24' title="bbox 194 2391 1288 2463; baseline 0.004 -20"><span class='ocrx_word' id='word_1_190' title='bbox 194 2401 197 2416; x_wconf 84' lang='lat'>¹</span> <span class='ocrx_word' id='word_1_191' title='bbox 266 2391 290 2442; x_wconf 87' lang='grc'><strong>6.</strong></span> <span class='ocrx_word' id='word_1_192' title='bbox 310 2393 415 2444; x_wconf 76' lang='lat' dir='ltr'><strong>tantulis</strong></span> <span class='ocrx_word' id='word_1_193' title='bbox 433 2398 522 2462; x_wconf 79' lang='lat' dir='ltr'><strong>copiis,</strong></span> <span class='ocrx_word' id='word_1_194' title='bbox 541 2395 589 2444; x_wconf 82' lang='lat' dir='ltr'><strong>wie</strong></span> <span class='ocrx_word' id='word_1_195' title='bbox 607 2411 628 2444; x_wconf 89' lang='lat' dir='ltr'><strong>c.</strong></span> <span class='ocrx_word' id='word_1_196' title='bbox 645 2393 685 2458; x_wconf 80' lang='lat'><strong>42,</strong></span> <span class='ocrx_word' id='word_1_197' title='bbox 704 2394 732 2444; x_wconf 87' lang='lat'><strong>3:</strong></span> <span class='ocrx_word' id='word_1_198' title='bbox 785 2393 943 2459; x_wconf 76' lang='lat' dir='ltr'><strong>n.c.1.to,3:</strong></span> <span class='ocrx_word' id='word_1_199' title='bbox 956 2395 1288 2463; x_wconf 68' lang='lat' dir='ltr'><strong>Coqfece&#39;tprtoriterssaer.</strong></span> 
     </span>
     <span class='ocr_line' id='line_1_25' title="bbox 215 2460 1290 2530; baseline 0.004 -20"><span class='ocrx_word' id='word_1_200' title='bbox 215 2519 217 2524; x_wconf 28' lang='grc' dir='ltr'>Ι</span> <span class='ocrx_word' id='word_1_201' title='bbox 231 2460 302 2511; x_wconf 70' lang='lat' dir='ltr'><strong>trulla</strong></span> <span class='ocrx_word' id='word_1_202' title='bbox 314 2463 542 2526; x_wconf 76' lang='lat' dir='ltr'><strong>serroruentorum</strong></span> <span class='ocrx_word' id='word_1_203' title='bbox 562 2465 641 2530; x_wconf 81' lang='lat' dir='ltr'><strong>copto.</strong></span> <span class='ocrx_word' id='word_1_204' title='bbox 681 2463 734 2512; x_wconf 85' lang='lat' dir='ltr'><strong>Der</strong></span> <span class='ocrx_word' id='word_1_205' title='bbox 786 2467 975 2529; x_wconf 68' lang='lat' dir='ltr'><strong>atque-aeuo</strong></span> <span class='ocrx_word' id='word_1_206' title='bbox 982 2463 1191 2528; x_wconf 71' lang='lat' dir='ltr'><strong>destruit.3.55,1</strong></span> <span class='ocrx_word' id='word_1_207' title='bbox 1202 2481 1207 2513; x_wconf 95' lang='lat'><strong>:</strong></span> <span class='ocrx_word' id='word_1_208' title='bbox 1220 2463 1290 2514; x_wconf 66' lang='lat' dir='ltr'><strong>Calo</strong></span> 
     </span>
     <span class='ocr_line' id='line_1_26' title="bbox 139 2528 1288 2599; baseline 0.004 -22"><span class='ocrx_word' id='word_1_209' title='bbox 139 2579 150 2599; x_wconf 58' lang='grc'><strong>,</strong></span> <span class='ocrx_word' id='word_1_210' title='bbox 231 2528 446 2594; x_wconf 76' lang='lat' dir='ltr'><strong>Znsarnmenbang</strong></span> <span class='ocrx_word' id='word_1_211' title='bbox 461 2532 506 2580; x_wconf 88' lang='lat' dir='ltr'><strong>der</strong></span> <span class='ocrx_word' id='word_1_212' title='bbox 518 2547 614 2594; x_wconf 81' lang='lat' dir='ltr'><strong>ganzen</strong></span> <span class='ocrx_word' id='word_1_213' title='bbox 626 2530 732 2580; x_wconf 85' lang='lat' dir='ltr'><strong>Perinde</strong></span> <span class='ocrx_word' id='word_1_214' title='bbox 786 2548 848 2582; x_wconf 83' lang='lat' dir='ltr'><strong>oum</strong></span> <span class='ocrx_word' id='word_1_215' title='bbox 858 2535 930 2582; x_wconf 58' lang='lat' dir='ltr'><strong>reiut</strong></span> <span class='ocrx_word' id='word_1_216' title='bbox 941 2535 1011 2597; x_wconf 79' lang='lat' dir='ltr'><strong>etque</strong></span> <span class='ocrx_word' id='word_1_217' title='bbox 1022 2529 1147 2582; x_wconf 82' lang='lat' dir='ltr'><strong>Sabinum</strong></span> <span class='ocrx_word' id='word_1_218' title='bbox 1160 2532 1288 2597; x_wconf 62' lang='lat' dir='ltr'><strong>admit</strong></span> 
     </span>
     <span class='ocr_line' id='line_1_27' title="bbox 231 2597 1288 2668; baseline 0.004 -22"><span class='ocrx_word' id='word_1_219' title='bbox 231 2597 276 2646; x_wconf 89' lang='lat' dir='ltr'><strong>ist:</strong></span> <span class='ocrx_word' id='word_1_220' title='bbox 290 2613 318 2647; x_wconf 84' lang='lat' dir='ltr'><strong>eo</strong></span> <span class='ocrx_word' id='word_1_221' title='bbox 330 2598 547 2661; x_wconf 85' lang='lat' dir='ltr'><strong>warbedenllich,</strong></span> <span class='ocrx_word' id='word_1_222' title='bbox 561 2598 601 2648; x_wconf 93' lang='lat' dir='ltr'><strong>bei</strong></span> <span class='ocrx_word' id='word_1_223' title='bbox 610 2614 638 2648; x_wconf 89' lang='lat' dir='ltr'><strong>so</strong></span> <span class='ocrx_word' id='word_1_224' title='bbox 648 2599 733 2662; x_wconf 78' lang='lat' dir='ltr'><strong>gerin·</strong></span> <span class='ocrx_word' id='word_1_225' title='bbox 821 2600 845 2648; x_wconf 77' lang='grc'><strong>1.</strong></span> <span class='ocrx_word' id='word_1_226' title='bbox 873 2603 919 2650; x_wconf 72' lang='lat' dir='ltr'><strong>cie</strong></span> <span class='ocrx_word' id='word_1_227' title='bbox 946 2601 1076 2650; x_wconf 71' lang='lat' dir='ltr'><strong>boombum</strong></span> <span class='ocrx_word' id='word_1_228' title='bbox 1103 2599 1154 2650; x_wconf 71' lang='lat' dir='ltr'><strong>mil</strong></span> <span class='ocrx_word' id='word_1_229' title='bbox 1181 2605 1288 2668; x_wconf 69' lang='lat' dir='ltr'><strong>septem</strong></span> 
     </span>
     <span class='ocr_line' id='line_1_28' title="bbox 231 2665 1289 2730; baseline 0.003 -17"><span class='ocrx_word' id='word_1_230' title='bbox 231 2679 279 2728; x_wconf 80' lang='lat' dir='ltr'><strong>gen</strong></span> <span class='ocrx_word' id='word_1_231' title='bbox 297 2665 479 2716; x_wconf 78' lang='lat' dir='ltr'><strong>Streitlrr&#39;aii&#39;ten</strong></span> <span class='ocrx_word' id='word_1_232' title='bbox 495 2665 541 2716; x_wconf 85' lang='lat' dir='ltr'><strong>aul</strong></span> <span class='ocrx_word' id='word_1_233' title='bbox 558 2667 734 2730; x_wconf 79' lang='lat' dir='ltr'><strong>nngiinstigcm</strong></span> <span class='ocrx_word' id='word_1_234' title='bbox 786 2667 833 2717; x_wconf 86' lang='lat' dir='ltr'><strong>Die</strong></span> <span class='ocrx_word' id='word_1_235' title='bbox 854 2666 869 2718; x_wconf 84' lang='lat'><strong>2</strong></span> <span class='ocrx_word' id='word_1_236' title='bbox 891 2667 1018 2730; x_wconf 78' lang='lat' dir='ltr'><strong>Legioncn</strong></span> <span class='ocrx_word' id='word_1_237' title='bbox 1041 2667 1072 2729; x_wconf 84' lang='lat' dir='ltr'><strong>(c.</strong></span> <span class='ocrx_word' id='word_1_238' title='bbox 1089 2667 1135 2730; x_wconf 86' lang='grc'><strong>48,</strong></span> <span class='ocrx_word' id='word_1_239' title='bbox 1155 2669 1177 2730; x_wconf 84' lang='grc'><strong>1)</strong></span> <span class='ocrx_word' id='word_1_240' title='bbox 1200 2683 1289 2717; x_wconf 83' lang='lat' dir='ltr'><strong>waren</strong></span> 
     </span>
     <span class='ocr_line' id='line_1_29' title="bbox 231 2731 1289 2798; baseline 0.003 -17"><span class='ocrx_word' id='word_1_241' title='bbox 231 2731 337 2782; x_wconf 85' lang='lat' dir='ltr'><strong>Terrcin</strong></span> <span class='ocrx_word' id='word_1_242' title='bbox 351 2734 402 2782; x_wconf 87' lang='lat' dir='ltr'><strong>sich</strong></span> <span class='ocrx_word' id='word_1_243' title='bbox 416 2735 441 2782; x_wconf 90' lang='lat' dir='ltr'><strong>in</strong></span> <span class='ocrx_word' id='word_1_244' title='bbox 454 2735 527 2783; x_wconf 86' lang='lat' dir='ltr'><strong>einen</strong></span> <span class='ocrx_word' id='word_1_245' title='bbox 539 2731 633 2798; x_wconf 79' lang='lat' dir='ltr'><strong>liampl</strong></span> <span class='ocrx_word' id='word_1_246' title='bbox 647 2734 733 2783; x_wconf 88' lang='lat' dir='ltr'><strong>einzu-</strong></span> <span class='ocrx_word' id='word_1_247' title='bbox 787 2735 855 2797; x_wconf 86' lang='lat' dir='ltr'><strong>also,</strong></span> <span class='ocrx_word' id='word_1_248' title='bbox 873 2736 903 2784; x_wconf 86' lang='lat' dir='ltr'><strong>da</strong></span> <span class='ocrx_word' id='word_1_249' title='bbox 922 2735 958 2785; x_wconf 91' lang='lat' dir='ltr'><strong>sic</strong></span> <span class='ocrx_word' id='word_1_250' title='bbox 975 2734 1026 2784; x_wconf 86' lang='lat' dir='ltr'><strong>last</strong></span> <span class='ocrx_word' id='word_1_251' title='bbox 1042 2736 1086 2784; x_wconf 85' lang='lat' dir='ltr'><strong>das</strong></span> <span class='ocrx_word' id='word_1_252' title='bbox 1099 2750 1178 2797; x_wconf 78' lang='lat' dir='ltr'><strong>ganze</strong></span> <span class='ocrx_word' id='word_1_253' title='bbox 1190 2735 1252 2784; x_wconf 85' lang='lat' dir='ltr'><strong>labr</strong></span> <span class='ocrx_word' id='word_1_254' title='bbox 1263 2735 1289 2784; x_wconf 88' lang='lat' dir='ltr'><strong>in</strong></span> 
     </span>
     <span class='ocr_line' id='line_1_30' title="bbox 231 2799 1291 2868; baseline 0.005 -20"><span class='ocrx_word' id='word_1_255' title='bbox 231 2799 330 2861; x_wconf 78' lang='lat' dir='ltr'><strong>lasscn3</strong></span> <span class='ocrx_word' id='word_1_256' title='bbox 354 2802 488 2864; x_wconf 78' lang='lat' dir='ltr'><strong>deswegen</strong></span> <span class='ocrx_word' id='word_1_257' title='bbox 509 2801 615 2850; x_wconf 85' lang='lat' dir='ltr'><strong>cntbielt</strong></span> <span class='ocrx_word' id='word_1_258' title='bbox 635 2815 664 2850; x_wconf 89' lang='lat' dir='ltr'><strong>er</strong></span> <span class='ocrx_word' id='word_1_259' title='bbox 680 2802 734 2857; x_wconf 87' lang='lat' dir='ltr'><strong>sielr</strong></span> <span class='ocrx_word' id='word_1_260' title='bbox 787 2801 931 2852; x_wconf 78' lang='lat' dir='ltr'><strong>britannieu</strong></span> <span class='ocrx_word' id='word_1_261' title='bbox 958 2804 1008 2851; x_wconf 90' lang='lat' dir='ltr'><strong>und</strong></span> <span class='ocrx_word' id='word_1_262' title='bbox 1036 2801 1134 2852; x_wconf 83' lang='lat' dir='ltr'><strong>Gallico</strong></span> <span class='ocrx_word' id='word_1_263' title='bbox 1162 2802 1291 2868; x_wconf 76' lang='lat' dir='ltr'><strong>gekiirnplt</strong></span> 
     </span>
     <span class='ocr_line' id='line_1_31' title="bbox 231 2867 1290 2932; baseline 0.005 -16"><span class='ocrx_word' id='word_1_264' title='bbox 231 2867 276 2917; x_wconf 87' lang='lat' dir='ltr'><strong>des</strong></span> <span class='ocrx_word' id='word_1_265' title='bbox 305 2868 443 2930; x_wconf 81' lang='lat' dir='ltr'><strong>solertigen</strong></span> <span class='ocrx_word' id='word_1_266' title='bbox 473 2868 593 2931; x_wconf 77' lang='lat' dir='ltr'><strong>Angriffs.</strong></span> <span class='ocrx_word' id='word_1_267' title='bbox 633 2869 733 2918; x_wconf 81' lang='lat' dir='ltr'><strong>Sodcnn</strong></span> <span class='ocrx_word' id='word_1_268' title='bbox 786 2871 885 2932; x_wconf 81' lang='lat' dir='ltr'><strong>hatten,</strong></span> <span class='ocrx_word' id='word_1_269' title='bbox 898 2870 1038 2923; x_wconf 90' lang='lat' dir='ltr'><strong>bedeutend</strong></span> <span class='ocrx_word' id='word_1_270' title='bbox 1051 2870 1216 2920; x_wconf 84' lang='lat' dir='ltr'><strong>reducirt—</strong></span> <span class='ocrx_word' id='word_1_271' title='bbox 1231 2871 1290 2921; x_wconf 73' lang='lat' dir='ltr'><strong>erul-</strong></span> 
     </span>
     <span class='ocr_line' id='line_1_32' title="bbox 232 2934 1286 3004; baseline 0.003 -21"><span class='ocrx_word' id='word_1_272' title='bbox 232 2935 308 2999; x_wconf 79' lang='lat' dir='ltr'><strong>(tum,</strong></span> <span class='ocrx_word' id='word_1_273' title='bbox 326 2935 364 2984; x_wconf 88' lang='lat' dir='ltr'><strong>als</strong></span> <span class='ocrx_word' id='word_1_274' title='bbox 377 2934 493 2984; x_wconf 85' lang='lat' dir='ltr'><strong>iernerer</strong></span> <span class='ocrx_word' id='word_1_275' title='bbox 509 2935 597 2985; x_wconf 86' lang='lat' dir='ltr'><strong>Grund</strong></span> <span class='ocrx_word' id='word_1_276' title='bbox 612 2936 657 2985; x_wconf 84' lang='lat' dir='ltr'><strong>des</strong></span> <span class='ocrx_word' id='word_1_277' title='bbox 668 2936 732 2986; x_wconf 77' lang='lat' dir='ltr'><strong>Aur·</strong></span> <span class='ocrx_word' id='word_1_278' title='bbox 786 2937 817 2987; x_wconf 79' lang='lat' dir='ltr'><strong>lic</strong></span> <span class='ocrx_word' id='word_1_279' title='bbox 829 2951 849 2985; x_wconf 87' lang='lat' dir='ltr'><strong>o.</strong></span> <span class='ocrx_word' id='word_1_280' title='bbox 861 2937 1046 3004; x_wconf 75' lang='lat' dir='ltr'><strong>dapcdtmenb&#39;s</strong></span> <span class='ocrx_word' id='word_1_281' title='bbox 1060 2939 1120 2988; x_wconf 84' lang='lat' dir='ltr'><strong>nach</strong></span> <span class='ocrx_word' id='word_1_282' title='bbox 1133 2954 1154 2987; x_wconf 86' lang='lat' dir='ltr'><strong>c.</strong></span> <span class='ocrx_word' id='word_1_283' title='bbox 1167 2937 1208 3000; x_wconf 79' lang='grc'><strong>41,</strong></span> <span class='ocrx_word' id='word_1_284' title='bbox 1219 2937 1244 2987; x_wconf 79' lang='grc'><strong>2,</strong></span> <span class='ocrx_word' id='word_1_285' title='bbox 1254 2966 1286 2976; x_wconf 94' lang='grc'>-</span> 
     </span>
     <span class='ocr_line' id='line_1_33' title="bbox 231 3001 1289 3068; baseline 0.005 -18"><span class='ocrx_word' id='word_1_286' title='bbox 231 3001 331 3064; x_wconf 80' lang='lat' dir='ltr'><strong>scbubs)</strong></span> <span class='ocrx_word' id='word_1_287' title='bbox 345 3002 446 3064; x_wconf 82' lang='lat' dir='ltr'><strong>glaubtc</strong></span> <span class='ocrx_word' id='word_1_288' title='bbox 459 3017 499 3063; x_wconf 89' lang='lat' dir='ltr'><strong>cr,</strong></span> <span class='ocrx_word' id='word_1_289' title='bbox 516 3002 576 3052; x_wconf 90' lang='lat' dir='ltr'><strong>weil</strong></span> <span class='ocrx_word' id='word_1_290' title='bbox 588 3018 617 3051; x_wconf 85' lang='lat' dir='ltr'><strong>cr</strong></span> <span class='ocrx_word' id='word_1_291' title='bbox 627 3003 676 3052; x_wconf 87' lang='lat' dir='ltr'><strong>den</strong></span> <span class='ocrx_word' id='word_1_292' title='bbox 690 3003 731 3053; x_wconf 89' lang='lat' dir='ltr'><strong>Ci-</strong></span> <span class='ocrx_word' id='word_1_293' title='bbox 785 3007 915 3068; x_wconf 76' lang='lat' dir='ltr'><strong>angustiis</strong></span> <span class='ocrx_word' id='word_1_294' title='bbox 927 3007 1041 3055; x_wconf 69' lang='lat' dir='ltr'><strong>starum:</strong></span> <span class='ocrx_word' id='word_1_295' title='bbox 1053 3006 1174 3068; x_wconf 82' lang='lat' dir='ltr'><strong>dadurclr,</strong></span> <span class='ocrx_word' id='word_1_296' title='bbox 1187 3006 1247 3054; x_wconf 85' lang='lat' dir='ltr'><strong>dass</strong></span> <span class='ocrx_word' id='word_1_297' title='bbox 1260 3021 1289 3055; x_wconf 85' lang='lat' dir='ltr'><strong>cr</strong></span> 
     </span>
     <span class='ocr_line' id='line_1_34' title="bbox 231 3069 1288 3136; baseline 0.007 -20"><span class='ocrx_word' id='word_1_298' title='bbox 231 3083 289 3116; x_wconf 90' lang='lat' dir='ltr'><strong>cero</strong></span> <span class='ocrx_word' id='word_1_299' title='bbox 303 3069 408 3117; x_wconf 88' lang='lat' dir='ltr'><strong>obncbin</strong></span> <span class='ocrx_word' id='word_1_300' title='bbox 428 3076 540 3118; x_wconf 85' lang='lat' dir='ltr'><strong>entsetzt</strong></span> <span class='ocrx_word' id='word_1_301' title='bbox 555 3077 665 3134; x_wconf 79' lang='lat' dir='ltr'><strong>wusstc,</strong></span> <span class='ocrx_word' id='word_1_302' title='bbox 682 3087 731 3121; x_wconf 84' lang='lat' dir='ltr'><strong>von</strong></span> <span class='ocrx_word' id='word_1_303' title='bbox 785 3072 825 3121; x_wconf 88' lang='lat' dir='ltr'><strong>die</strong></span> <span class='ocrx_word' id='word_1_304' title='bbox 836 3069 933 3120; x_wconf 84' lang='lat' dir='ltr'><strong>Gossen</strong></span> <span class='ocrx_word' id='word_1_305' title='bbox 943 3072 1089 3136; x_wconf 80' lang='lat' dir='ltr'><strong>dcsLagers</strong></span> <span class='ocrx_word' id='word_1_306' title='bbox 1099 3073 1192 3122; x_wconf 85' lang='lat' dir='ltr'><strong>sobmal</strong></span> <span class='ocrx_word' id='word_1_307' title='bbox 1203 3075 1288 3123; x_wconf 84' lang='lat' dir='ltr'><strong>macb-</strong></span> 
     </span>
     <span class='ocr_line' id='line_1_35' title="bbox 231 3135 1288 3204; baseline 0.006 -20"><span class='ocrx_word' id='word_1_308' title='bbox 231 3135 316 3184; x_wconf 84' lang='lat' dir='ltr'><strong>seiner</strong></span> <span class='ocrx_word' id='word_1_309' title='bbox 344 3135 538 3198; x_wconf 82' lang='lat' dir='ltr'><strong>Seboelligkeit,</strong></span> <span class='ocrx_word' id='word_1_310' title='bbox 568 3138 632 3186; x_wconf 85' lang='lat' dir='ltr'><strong>ohne</strong></span> <span class='ocrx_word' id='word_1_311' title='bbox 661 3139 731 3188; x_wconf 85' lang='lat' dir='ltr'><strong>scine</strong></span> <span class='ocrx_word' id='word_1_312' title='bbox 785 3146 819 3188; x_wconf 91' lang='lat' dir='ltr'><strong>te.</strong></span> <span class='ocrx_word' id='word_1_313' title='bbox 837 3137 922 3190; x_wconf 89' lang='lat' dir='ltr'><strong>Ucber</strong></span> <span class='ocrx_word' id='word_1_314' title='bbox 937 3139 976 3189; x_wconf 88' lang='lat' dir='ltr'><strong>die</strong></span> <span class='ocrx_word' id='word_1_315' title='bbox 993 3144 1048 3190; x_wconf 80' lang='lat' dir='ltr'><strong>ciac</strong></span> <span class='ocrx_word' id='word_1_316' title='bbox 1064 3142 1110 3190; x_wconf 88' lang='lat' dir='ltr'><strong>der</strong></span> <span class='ocrx_word' id='word_1_317' title='bbox 1124 3140 1208 3204; x_wconf 82' lang='lat' dir='ltr'><strong>Lager</strong></span> <span class='ocrx_word' id='word_1_318' title='bbox 1226 3157 1247 3190; x_wconf 87' lang='lat' dir='ltr'><strong>s.</strong></span> <span class='ocrx_word' id='word_1_319' title='bbox 1261 3141 1288 3191; x_wconf 91' lang='lat' dir='ltr'><strong>B.</strong></span> 
     </span>
    </p>
   </div>
   <div class='ocr_carea' id='block_1_5' title="bbox 228 3201 732 3932">
    <p class='ocr_par' dir='ltr' id='par_1_12' title="bbox 228 3201 732 3932">
     <span class='ocr_line' id='line_1_36' title="bbox 229 3201 730 3267; baseline 0.008 -16"><span class='ocrx_word' id='word_1_320' title='bbox 229 3201 318 3252; x_wconf 84' lang='lat' dir='ltr'><strong>Pbicbt</strong></span> <span class='ocrx_word' id='word_1_321' title='bbox 329 3219 361 3252; x_wconf 85' lang='lat' dir='ltr'><strong>zu</strong></span> <span class='ocrx_word' id='word_1_322' title='bbox 368 3203 509 3267; x_wconf 86' lang='lat' dir='ltr'><strong>verletzen,</strong></span> <span class='ocrx_word' id='word_1_323' title='bbox 521 3211 602 3253; x_wconf 79' lang='lat' dir='ltr'><strong>etwas</strong></span> <span class='ocrx_word' id='word_1_324' title='bbox 615 3205 730 3255; x_wconf 80' lang='lat' dir='ltr'><strong>nacblns-</strong></span> 
     </span>
     <span class='ocr_line' id='line_1_37' title="bbox 231 3270 731 3334; baseline 0.006 -14"><span class='ocrx_word' id='word_1_325' title='bbox 231 3286 274 3320; x_wconf 90' lang='lat' dir='ltr'><strong>sen</strong></span> <span class='ocrx_word' id='word_1_326' title='bbox 288 3287 320 3320; x_wconf 86' lang='lat' dir='ltr'><strong>zu</strong></span> <span class='ocrx_word' id='word_1_327' title='bbox 333 3270 442 3320; x_wconf 85' lang='lat' dir='ltr'><strong>diirlen</strong></span> <span class='ocrx_word' id='word_1_328' title='bbox 461 3272 514 3334; x_wconf 80' lang='lat' dir='ltr'><strong>(des</strong></span> <span class='ocrx_word' id='word_1_329' title='bbox 528 3271 731 3323; x_wconf 78' lang='lat' dir='ltr'><strong>Gerundiumal-</strong></span> 
     </span>
     <span class='ocr_line' id='line_1_38' title="bbox 230 3338 730 3404; baseline 0.006 -17"><span class='ocrx_word' id='word_1_330' title='bbox 230 3355 258 3388; x_wconf 86' lang='lat' dir='ltr'><strong>so</strong></span> <span class='ocrx_word' id='word_1_331' title='bbox 274 3339 300 3388; x_wconf 92' lang='lat' dir='ltr'><strong>in</strong></span> <span class='ocrx_word' id='word_1_332' title='bbox 318 3340 362 3388; x_wconf 92' lang='lat' dir='ltr'><strong>der</strong></span> <span class='ocrx_word' id='word_1_333' title='bbox 374 3338 521 3402; x_wconf 80' lang='lat' dir='ltr'><strong>Redeutung</strong></span> <span class='ocrx_word' id='word_1_334' title='bbox 535 3339 584 3388; x_wconf 88' lang='lat' dir='ltr'><strong>wic</strong></span> <span class='ocrx_word' id='word_1_335' title='bbox 601 3356 622 3389; x_wconf 92' lang='lat' dir='ltr'><strong>c.</strong></span> <span class='ocrx_word' id='word_1_336' title='bbox 636 3339 676 3404; x_wconf 72' lang='lat'><strong>28,</strong></span> <span class='ocrx_word' id='word_1_337' title='bbox 692 3341 730 3404; x_wconf 78' lang='lat'><strong>1);</strong></span> 
     </span>
     <span class='ocr_line' id='line_1_39' title="bbox 230 3405 731 3472; baseline 0.004 -16"><span class='ocrx_word' id='word_1_338' title='bbox 230 3408 295 3456; x_wconf 87' lang='lat' dir='ltr'><strong>dene</strong></span> <span class='ocrx_word' id='word_1_339' title='bbox 312 3408 382 3457; x_wconf 84' lang='lat' dir='ltr'><strong>wiire</strong></span> <span class='ocrx_word' id='word_1_340' title='bbox 395 3405 445 3457; x_wconf 90' lang='lat' dir='ltr'><strong>Cic.</strong></span> <span class='ocrx_word' id='word_1_341' title='bbox 463 3409 524 3457; x_wconf 94' lang='lat' dir='ltr'><strong>nocb</strong></span> <span class='ocrx_word' id='word_1_342' title='bbox 541 3408 566 3456; x_wconf 93' lang='lat' dir='ltr'><strong>in</strong></span> <span class='ocrx_word' id='word_1_343' title='bbox 580 3407 673 3458; x_wconf 81' lang='lat' dir='ltr'><strong>Gefalrr</strong></span> <span class='ocrx_word' id='word_1_344' title='bbox 686 3423 731 3472; x_wconf 80' lang='lat' dir='ltr'><strong>ge·</strong></span> 
     </span>
     <span class='ocr_line' id='line_1_40' title="bbox 228 3473 730 3541; baseline 0.006 -17"><span class='ocrx_word' id='word_1_345' title='bbox 228 3489 328 3538; x_wconf 88' lang='lat' dir='ltr'><strong>wesen,</strong></span> <span class='ocrx_word' id='word_1_346' title='bbox 346 3476 414 3524; x_wconf 78' lang='lat' dir='ltr'><strong>biitte</strong></span> <span class='ocrx_word' id='word_1_347' title='bbox 431 3477 524 3524; x_wconf 87' lang='lat' dir='ltr'><strong>erden</strong></span> <span class='ocrx_word' id='word_1_348' title='bbox 540 3473 634 3541; x_wconf 77' lang='lat' dir='ltr'><strong>liampi</strong></span> <span class='ocrx_word' id='word_1_349' title='bbox 641 3491 730 3540; x_wconf 62' lang='lat' dir='ltr'><strong>wesen</strong></span> 
     </span>
     <span class='ocr_line' id='line_1_41' title="bbox 228 3543 732 3608; baseline 0.006 -16"><span class='ocrx_word' id='word_1_350' title='bbox 228 3543 339 3606; x_wconf 90' lang='lat' dir='ltr'><strong>miissen,</strong></span> <span class='ocrx_word' id='word_1_351' title='bbox 351 3559 392 3592; x_wconf 90' lang='lat' dir='ltr'><strong>um</strong></span> <span class='ocrx_word' id='word_1_352' title='bbox 404 3559 435 3592; x_wconf 88' lang='lat' dir='ltr'><strong>zu</strong></span> <span class='ocrx_word' id='word_1_353' title='bbox 447 3544 496 3593; x_wconf 91' lang='lat' dir='ltr'><strong>ibm</strong></span> <span class='ocrx_word' id='word_1_354' title='bbox 508 3559 540 3593; x_wconf 83' lang='lat' dir='ltr'><strong>zu</strong></span> <span class='ocrx_word' id='word_1_355' title='bbox 551 3545 673 3608; x_wconf 75' lang='lat' dir='ltr'><strong>gelangeo</strong></span> <span class='ocrx_word' id='word_1_356' title='bbox 681 3561 691 3608; x_wconf 60' lang='grc' dir='ltr'><strong>ἱ</strong></span> <span class='ocrx_word' id='word_1_357' title='bbox 700 3561 732 3596; x_wconf 85' lang='lat' dir='ltr'><strong>cr</strong></span> 
     </span>
     <span class='ocr_line' id='line_1_42' title="bbox 228 3610 730 3677; baseline 0.006 -18"><span class='ocrx_word' id='word_1_358' title='bbox 228 3612 325 3660; x_wconf 84' lang='lat' dir='ltr'><strong>macbte</strong></span> <span class='ocrx_word' id='word_1_359' title='bbox 338 3610 392 3660; x_wconf 86' lang='lat' dir='ltr'><strong>also</strong></span> <span class='ocrx_word' id='word_1_360' title='bbox 405 3611 476 3674; x_wconf 85' lang='lat' dir='ltr'><strong>linit,</strong></span> <span class='ocrx_word' id='word_1_361' title='bbox 493 3611 618 3677; x_wconf 79' lang='lat' dir='ltr'><strong>coneedit,</strong></span> <span class='ocrx_word' id='word_1_362' title='bbox 633 3614 679 3662; x_wconf 77' lang='lat' dir='ltr'><strong>des</strong></span> <span class='ocrx_word' id='word_1_363' title='bbox 691 3613 730 3662; x_wconf 86' lang='lat' dir='ltr'><strong>als</strong></span> 
     </span>
     <span class='ocr_line' id='line_1_43' title="bbox 229 3677 731 3745; baseline 0.006 -18"><span class='ocrx_word' id='word_1_364' title='bbox 229 3677 346 3728; x_wconf 83' lang='lat' dir='ltr'><strong>Resultct</strong></span> <span class='ocrx_word' id='word_1_365' title='bbox 363 3680 407 3728; x_wconf 89' lang='lat' dir='ltr'><strong>des</strong></span> <span class='ocrx_word' id='word_1_366' title='bbox 424 3679 548 3742; x_wconf 80' lang='lat' dir='ltr'><strong>Vorberg.</strong></span> <span class='ocrx_word' id='word_1_367' title='bbox 568 3679 731 3745; x_wconf 84' lang='lat' dir='ltr'><strong>csyndctiscb</strong></span> 
     </span>
     <span class='ocr_line' id='line_1_44' title="bbox 229 3744 731 3810; baseline 0.006 -16"><span class='ocrx_word' id='word_1_368' title='bbox 229 3744 305 3810; x_wconf 61' lang='grc'><strong>10151,</strong></span> <span class='ocrx_word' id='word_1_369' title='bbox 323 3761 386 3808; x_wconf 77' lang='lat' dir='ltr'><strong>ganz</strong></span> <span class='ocrx_word' id='word_1_370' title='bbox 405 3747 454 3796; x_wconf 85' lang='lat' dir='ltr'><strong>wie</strong></span> <span class='ocrx_word' id='word_1_371' title='bbox 470 3747 491 3796; x_wconf 89' lang='lat' dir='ltr'><strong>l.</strong></span> <span class='ocrx_word' id='word_1_372' title='bbox 502 3746 543 3808; x_wconf 85' lang='lat'><strong>23,</strong></span> <span class='ocrx_word' id='word_1_373' title='bbox 559 3747 584 3796; x_wconf 85' lang='lat'><strong>1:</strong></span> <span class='ocrx_word' id='word_1_374' title='bbox 598 3750 731 3797; x_wconf 70' lang='lat' dir='ltr'><strong>eer&#39;rte&#39;rnad</strong></span> 
     </span>
     <span class='ocr_line' id='line_1_45' title="bbox 229 3814 731 3866; baseline 0.004 -4"><span class='ocrx_word' id='word_1_375' title='bbox 229 3815 280 3862; x_wconf 77' lang='lat' dir='ltr'><strong>re‘t:</strong></span> <span class='ocrx_word' id='word_1_376' title='bbox 291 3817 342 3864; x_wconf 80' lang='lat' dir='ltr'><strong>iter</strong></span> <span class='ocrx_word' id='word_1_377' title='bbox 352 3818 446 3864; x_wconf 77' lang='lat' dir='ltr'><strong>avertet</strong></span> <span class='ocrx_word' id='word_1_378' title='bbox 456 3830 487 3864; x_wconf 84' lang='lat' dir='ltr'><strong>oe</strong></span> <span class='ocrx_word' id='word_1_379' title='bbox 494 3814 614 3866; x_wconf 82' lang='lat' dir='ltr'><strong>Bibracte</strong></span> <span class='ocrx_word' id='word_1_380' title='bbox 622 3817 660 3864; x_wconf 81' lang='lat' dir='ltr'><strong>ire</strong></span> <span class='ocrx_word' id='word_1_381' title='bbox 672 3830 731 3864; x_wconf 83' lang='lat' dir='ltr'><strong>con·</strong></span> 
     </span>
     <span class='ocr_line' id='line_1_46' title="bbox 229 3880 728 3932; baseline 0.008 -4"><span class='ocrx_word' id='word_1_382' title='bbox 229 3880 317 3930; x_wconf 81' lang='lat' dir='ltr'><strong>tendit.</strong></span> <span class='ocrx_word' id='word_1_383' title='bbox 328 3907 360 3918; x_wconf 88' lang='lat'><em>-</em></span> <span class='ocrx_word' id='word_1_384' title='bbox 374 3883 488 3932; x_wconf 79' lang='lat' dir='ltr'><strong>concedit</strong></span> <span class='ocrx_word' id='word_1_385' title='bbox 501 3911 533 3918; x_wconf 98' lang='lat'><em>-</em></span> <span class='ocrx_word' id='word_1_386' title='bbox 547 3886 686 3932; x_wconf 73' lang='lat' dir='ltr'><strong>communit</strong></span> <span class='ocrx_word' id='word_1_387' title='bbox 697 3911 728 3920; x_wconf 93' lang='lat'><em>-</em></span> 
     </span>
    </p>
   </div>
   <div class='ocr_carea' id='block_1_6' title="bbox 228 3948 729 4081">
    <p class='ocr_par' dir='ltr' id='par_1_13' title="bbox 228 3948 729 4081">
     <span class='ocr_line' id='line_1_47' title="bbox 229 3948 729 4016; baseline 0.01 -21"><span class='ocrx_word' id='word_1_388' title='bbox 229 3949 364 4000; x_wconf 77' lang='lat' dir='ltr'><strong>contrabit.</strong></span> <span class='ocrx_word' id='word_1_389' title='bbox 393 3948 513 3999; x_wconf 88' lang='lat' dir='ltr'><strong>Wecbsel</strong></span> <span class='ocrx_word' id='word_1_390' title='bbox 534 3951 580 4000; x_wconf 88' lang='lat' dir='ltr'><strong>der</strong></span> <span class='ocrx_word' id='word_1_391' title='bbox 596 3949 729 4016; x_wconf 80' lang='lat' dir='ltr'><strong>Tempora,</strong></span> 
     </span>
     <span class='ocr_line' id='line_1_48' title="bbox 228 4014 729 4081; baseline 0.01 -19"><span class='ocrx_word' id='word_1_392' title='bbox 228 4014 278 4063; x_wconf 86' lang='lat' dir='ltr'><strong>wie</strong></span> <span class='ocrx_word' id='word_1_393' title='bbox 289 4014 314 4062; x_wconf 93' lang='grc'><strong>4.</strong></span> <span class='ocrx_word' id='word_1_394' title='bbox 330 4014 369 4078; x_wconf 88' lang='grc'><strong>18,</strong></span> <span class='ocrx_word' id='word_1_395' title='bbox 383 4015 406 4065; x_wconf 90' lang='lat'><strong>3.</strong></span> <span class='ocrx_word' id='word_1_396' title='bbox 425 4017 512 4080; x_wconf 81' lang='lat' dir='ltr'><strong>Vergl.</strong></span> <span class='ocrx_word' id='word_1_397' title='bbox 526 4018 550 4066; x_wconf 80' lang='grc'><strong>1.</strong></span> <span class='ocrx_word' id='word_1_398' title='bbox 560 4017 614 4081; x_wconf 86' lang='grc'><strong>4,3.</strong></span> <span class='ocrx_word' id='word_1_399' title='bbox 626 4017 729 4067; x_wconf 84' lang='grc'><strong>8.54.3.</strong></span> 
     </span>
    </p>
   </div>
   <div class='ocr_carea' id='block_1_7' title="bbox 782 3203 1289 4086">
    <p class='ocr_par' dir='ltr' id='par_1_14' title="bbox 783 3203 1289 3478">
     <span class='ocr_line' id='line_1_49' title="bbox 785 3203 1287 3272; baseline 0.004 -16"><span class='ocrx_word' id='word_1_400' title='bbox 785 3206 812 3256; x_wconf 87' lang='lat' dir='ltr'><strong>C.</strong></span> <span class='ocrx_word' id='word_1_401' title='bbox 822 3203 948 3268; x_wconf 73' lang='lat' dir='ltr'><strong>liricgsw.</strong></span> <span class='ocrx_word' id='word_1_402' title='bbox 964 3207 1029 3272; x_wconf 65' lang='lat'><strong>529.</strong></span> <span class='ocrx_word' id='word_1_403' title='bbox 1051 3209 1164 3258; x_wconf 78' lang='lat' dir='ltr'><strong>Frontis.</strong></span> <span class='ocrx_word' id='word_1_404' title='bbox 1175 3208 1287 3272; x_wconf 75' lang='lat' dir='ltr'><strong>Stroteg.</strong></span> 
     </span>
     <span class='ocr_line' id='line_1_50' title="bbox 785 3272 1289 3336; baseline 0.012 -15"><span class='ocrx_word' id='word_1_405' title='bbox 785 3272 809 3323; x_wconf 87' lang='lat'><strong>3.</strong></span> <span class='ocrx_word' id='word_1_406' title='bbox 825 3273 864 3336; x_wconf 76' lang='lat'><strong>17,</strong></span> <span class='ocrx_word' id='word_1_407' title='bbox 878 3273 905 3322; x_wconf 82' lang='lat' dir='ltr'><strong>b:</strong></span> <span class='ocrx_word' id='word_1_408' title='bbox 922 3280 1020 3326; x_wconf 81' lang='lat' dir='ltr'><strong>ructum</strong></span> <span class='ocrx_word' id='word_1_409' title='bbox 1036 3276 1165 3327; x_wconf 80' lang='lat' dir='ltr'><strong>simularit</strong></span> <span class='ocrx_word' id='word_1_410' title='bbox 1180 3277 1289 3327; x_wconf 78' lang='lat' dir='ltr'><strong>rnilitcs-</strong></span> 
     </span>
     <span class='ocr_line' id='line_1_51' title="bbox 784 3345 1288 3410; baseline 0.008 -19"><span class='ocrx_word' id='word_1_411' title='bbox 784 3358 833 3408; x_wconf 68' lang='grc' dir='ltr'><strong>(μισ</strong></span> <span class='ocrx_word' id='word_1_412' title='bbox 843 3345 869 3391; x_wconf 80' lang='lat' dir='ltr'><strong>io</strong></span> <span class='ocrx_word' id='word_1_413' title='bbox 886 3347 989 3410; x_wconf 77' lang='lat' dir='ltr'><strong>cestrie,</strong></span> <span class='ocrx_word' id='word_1_414' title='bbox 1003 3359 1067 3409; x_wconf 82' lang='lat' dir='ltr'><strong>quae</strong></span> <span class='ocrx_word' id='word_1_415' title='bbox 1082 3347 1196 3395; x_wconf 67' lang='lat' dir='ltr'><strong>erobore</strong></span> <span class='ocrx_word' id='word_1_416' title='bbox 1211 3345 1288 3396; x_wconf 78' lang='lat' dir='ltr'><strong>solito</strong></span> 
     </span>
     <span class='ocr_line' id='line_1_52' title="bbox 783 3409 1133 3478; baseline 0.003 -18"><span class='ocrx_word' id='word_1_417' title='bbox 783 3409 1028 3478; x_wconf 66' lang='lat' dir='ltr'><strong>dedurtmbsecerot</strong></span> <span class='ocrx_word' id='word_1_418' title='bbox 1043 3415 1133 3462; x_wconf 66' lang='lat' dir='ltr'><strong>tonuit.</strong></span> 
     </span>
    </p>

    <p class='ocr_par' dir='ltr' id='par_1_15' title="bbox 819 3469 1261 3546">
     <span class='ocr_line' id='line_1_53' title="bbox 819 3469 1261 3546; baseline 0.007 -19"><span class='ocrx_word' id='word_1_419' title='bbox 819 3469 871 3527; x_wconf 80' lang='lat'><strong>50.</strong></span> <span class='ocrx_word' id='word_1_420' title='bbox 892 3477 914 3528; x_wconf 90' lang='grc'><strong>1.</strong></span> <span class='ocrx_word' id='word_1_421' title='bbox 933 3479 969 3529; x_wconf 85' lang='lat' dir='ltr'><strong>ad</strong></span> <span class='ocrx_word' id='word_1_422' title='bbox 979 3496 1071 3546; x_wconf 76' lang='lat' dir='ltr'><strong>aquarn</strong></span> <span class='ocrx_word' id='word_1_423' title='bbox 1081 3501 1115 3521; x_wconf 89' lang='lat'><strong>=</strong></span> <span class='ocrx_word' id='word_1_424' title='bbox 1127 3479 1157 3529; x_wconf 86' lang='lat' dir='ltr'><strong>ad</strong></span> <span class='ocrx_word' id='word_1_425' title='bbox 1171 3480 1261 3530; x_wconf 84' lang='lat' dir='ltr'><strong>rivum.</strong></span> 
     </span>
    </p>

    <p class='ocr_par' dir='ltr' id='par_1_16' title="bbox 782 3544 1288 4086">
     <span class='ocr_line' id='line_1_54' title="bbox 819 3544 1288 3615; baseline 0.006 -21"><span class='ocrx_word' id='word_1_426' title='bbox 819 3544 842 3597; x_wconf 89' lang='lat'><strong>3.</strong></span> <span class='ocrx_word' id='word_1_427' title='bbox 860 3547 971 3612; x_wconf 71' lang='lat' dir='ltr'><strong>,risorte</strong></span> <span class='ocrx_word' id='word_1_428' title='bbox 981 3575 1015 3583; x_wconf 94' lang='lat'>-</span> <span class='ocrx_word' id='word_1_429' title='bbox 1026 3552 1125 3615; x_wconf 74' lang='lat' dir='ltr'><strong>posset:</strong></span> <span class='ocrx_word' id='word_1_430' title='bbox 1145 3548 1167 3596; x_wconf 68' lang='lat' dir='ltr'><strong>l:</strong></span> <span class='ocrx_word' id='word_1_431' title='bbox 1180 3545 1204 3610; x_wconf 91' lang='lat'><strong>8,</strong></span> <span class='ocrx_word' id='word_1_432' title='bbox 1218 3547 1243 3596; x_wconf 87' lang='lat'><strong>4.</strong></span> <span class='ocrx_word' id='word_1_433' title='bbox 1262 3547 1288 3597; x_wconf 85' lang='lat'><strong>2.</strong></span> 
     </span>
     <span class='ocr_line' id='line_1_55' title="bbox 784 3612 1288 3676; baseline 0.01 -15"><span class='ocrx_word' id='word_1_434' title='bbox 784 3612 901 3676; x_wconf 81' lang='lat' dir='ltr'><strong>9,1.-—t&#39;n</strong></span> <span class='ocrx_word' id='word_1_435' title='bbox 913 3613 1090 3666; x_wconf 74' lang='lat' dir='ltr'><strong>cremiorum.-</strong></span> <span class='ocrx_word' id='word_1_436' title='bbox 1101 3615 1232 3664; x_wconf 83' lang='lat' dir='ltr'><strong>ausibrem</strong></span> <span class='ocrx_word' id='word_1_437' title='bbox 1237 3615 1288 3666; x_wconf 89' lang='lat' dir='ltr'><strong>Po-</strong></span> 
     </span>
     <span class='ocr_line' id='line_1_56' title="bbox 784 3682 1288 3747; baseline 0.006 -17"><span class='ocrx_word' id='word_1_438' title='bbox 784 3687 841 3730; x_wconf 88' lang='lat' dir='ltr'><strong>sten</strong></span> <span class='ocrx_word' id='word_1_439' title='bbox 854 3683 982 3732; x_wconf 84' lang='lat' dir='ltr'><strong>herverio</strong></span> <span class='ocrx_word' id='word_1_440' title='bbox 994 3683 1056 3747; x_wconf 89' lang='lat' dir='ltr'><strong>sein,</strong></span> <span class='ocrx_word' id='word_1_441' title='bbox 1069 3682 1111 3732; x_wconf 78' lang='lat' dir='ltr'><strong>liir</strong></span> <span class='ocrx_word' id='word_1_442' title='bbox 1127 3683 1169 3732; x_wconf 86' lang='lat' dir='ltr'><strong>ibn</strong></span> <span class='ocrx_word' id='word_1_443' title='bbox 1187 3683 1288 3746; x_wconf 80' lang='lat' dir='ltr'><strong>giinsti·</strong></span> 
     </span>
     <span class='ocr_line' id='line_1_57' title="bbox 784 3749 1288 3817; baseline 0.006 -19"><span class='ocrx_word' id='word_1_444' title='bbox 784 3763 829 3810; x_wconf 72' lang='lat' dir='ltr'><strong>ges</strong></span> <span class='ocrx_word' id='word_1_445' title='bbox 847 3749 966 3810; x_wconf 71' lang='lat' dir='ltr'><strong>Terroim</strong></span> <span class='ocrx_word' id='word_1_446' title='bbox 986 3766 1007 3799; x_wconf 89' lang='lat' dir='ltr'><strong>s.</strong></span> <span class='ocrx_word' id='word_1_447' title='bbox 1024 3766 1045 3799; x_wconf 91' lang='lat' dir='ltr'><strong>e.</strong></span> <span class='ocrx_word' id='word_1_448' title='bbox 1058 3750 1099 3813; x_wconf 86' lang='grc'><strong>51,</strong></span> <span class='ocrx_word' id='word_1_449' title='bbox 1115 3751 1141 3799; x_wconf 91' lang='lat' dir='ltr'><strong>l:</strong></span> <span class='ocrx_word' id='word_1_450' title='bbox 1159 3754 1288 3817; x_wconf 83' lang='lat' dir='ltr'><strong>aciemque</strong></span> 
     </span>
     <span class='ocr_line' id='line_1_58' title="bbox 782 3817 1286 3950; baseline 0.008 -18"><span class='ocrx_word' id='word_1_451' title='bbox 782 3817 1286 3950; x_wconf 54' lang='grc'><strong>4141441114141111145·</strong></span> 
     </span>
     <span class='ocr_line' id='line_1_59' title="bbox 783 3901 1284 4068; baseline 0.004 -66"><span class='ocrx_word' id='word_1_452' title='bbox 783 3902 901 4068; x_wconf 53' lang='grc' dir='ltr'><strong>ζελιίτέρὸὲ</strong></span> <span class='ocrx_word' id='word_1_453' title='bbox 912 3947 1033 4008; x_wconf 77' lang='grc' dir='ltr'><em>πολλοὺς</em></span> <span class='ocrx_word' id='word_1_454' title='bbox 1049 3901 1203 4022; x_wconf 51' lang='grc' dir='ltr'><strong>μαῗομένῳ</strong></span> <span class='ocrx_word' id='word_1_455' title='bbox 1217 3904 1284 4023; x_wconf 51' lang='grc' dir='ltr'><strong>ἕατ’</strong></span> 
     </span>
     <span class='ocr_line' id='line_1_60' title="bbox 784 4035 894 4086; baseline 0.009 -19"><span class='ocrx_word' id='word_1_456' title='bbox 784 4035 799 4067; x_wconf 90' lang='lat' dir='ltr'><strong>o</strong></span> <span class='ocrx_word' id='word_1_457' title='bbox 829 4035 894 4086; x_wconf 79' lang='lat' dir='ltr'><strong>ywr.</strong></span> 
     </span>
    </p>
   </div>
   <div class='ocr_carea' id='block_1_8' title="bbox 0 0 1418 4480">
    <p class='ocr_par' dir='ltr' id='par_1_17' title="bbox 0 0 1418 4480">
     <span class='ocr_line' id='line_1_61' title="bbox 0 0 1418 4480; baseline 0 3"><span class='ocrx_word' id='word_1_458' title='bbox 0 0 1418 4480; x_wconf 95' lang='lat' dir='ltr'><strong> </strong></span> 
     </span>
    </p>
   </div>
  </div>
 </body>
</html>
