2798 4482
551 339 581 391 ΙΙ.
600 339 718 391 24-26.
1103 349 1164 409 115

103 500 187 554 scuto
204 491 241 552 ab
256 492 426 553 novissimis
441 493 492 554 uni
508 493 592 554 militi
607 495 750 566 detracto,
770 496 849 572 quod
870 496 934 574 ipse
949 515 984 556 eo
1000 498 1063 559 sinc
1077 508 1162 560 scuto
1183 513 1198 561 2

102 585 230 648 venerat,
246 576 278 637 in
293 577 420 655 primam
436 577 527 638 aciem
543 579 688 657 processit
700 579 978 658 centurionibusque
989 583 1164 644 nominatim

104 661 256 742 appellatis
270 662 398 740 reliquos
414 663 582 723 cohortatus
599 663 702 723 milites
723 663 805 741 signa
824 663 930 725 inlerre
950 675 979 726 et
996 667 1162 747 manipulos

101 749 197 807 laxare
213 746 308 819 iussit,
329 765 386 825 quo
404 748 512 808 facilius
529 747 629 824 gladiis
644 747 686 808 uti
701 756 832 826 possent.
866 749 955 811 Cuius
971 753 1095 812 adventu
1110 771 1163 832 spe
1184 767 1199 815 3

11 829 13 856 l
102 832 176 892 illata
195 831 337 891 militibus
358 837 398 891 ac‘
417 833 610 910 redintegrato
637 833 749 905 animo,
777 852 918 912 cumpro
940 855 971 894 se
991 837 1113 915 quisque
1133 837 1164 897 in

11 931 12 936 ’
103 924 266 994 conspeetu
281 916 465 994 imperatoris
481 917 567 977 etiam
587 917 617 976 in
638 919 773 978 extremis
794 919 855 978 suis
870 920 958 980 rebus
974 939 1163 998 operamne-

102 1019 168 1061 vare
185 1008 313 1078 cuperet,
328 1001 448 1079 paulum
463 1001 593 1061 hostium
609 1002 735 1082 impetus
751 1004 879 1064 tardatus
896 1012 948 1064 est.

187 1091 242 1150 26.
272 1084 378 1145 Caesar
393 1104 459 1145 cum
472 1086 625 1164 septimam
640 1087 792 1164 legionem,
808 1107 881 1166 quae
895 1089 973 1150 iuxta
986 1091 1162 1164 constiterat,

100 1171 171 1230 item
186 1170 285 1246 urgeri
301 1170 336 1229 ab
351 1171 437 1229 hoste
452 1170 578 1244 vidisset,
592 1171 726 1231 tribunos
743 1172 867 1232 militum
879 1173 1002 1247 monuit,
1018 1183 1050 1234 ul
1059 1176 1160 1254 paula-

101 1254 154 1314 tim
170 1273 237 1314 sese
251 1253 380 1332 legiones
398 1255 606 1333 coniungerent
617 1264 645 1316 et
657 1275 797 1317 conversa
812 1258 894 1336 signa
909 1258 938 1317 in
954 1260 1055 1320 hostes
1070 1260 1161 1320 inler-

101 1346 174 1399 rent.
200 1339 267 1410 Quo
284 1339 358 1398 lacto
376 1358 441 1399 cum
457 1340 529 1400 alius
545 1341 590 1401 alii
606 1340 768 1400 subsidium
786 1343 886 1414 lerret,
907 1361 1001 1421 neque
1015 1343 1160 1419 timerent,
1181 1359 1197 1408 2

101 1442 138 1484 ne
154 1423 250 1483 aversi
265 1423 300 1482 ab
316 1425 402 1483 hoste
415 1424 701 1498 circumvenirentur,
717 1426 853 1487 audacius
865 1427 1000 1488 resistcre
1012 1447 1045 1488 ac
1055 1430 1161 1490 lortius

100 1525 233 1586 pugnare
253 1518 420 1586 coeperunt.
455 1509 574 1568 lnterim
594 1510 700 1570 milites
716 1510 863 1588 legionum
881 1512 1018 1584 duarum,
1039 1532 1112 1590 quae
1131 1514 1161 1572 in
1182 1527 1197 1576 3

100 1592 266 1652 novissimo
283 1593 398 1669 agmine
413 1593 558 1671 praesidio
575 1594 792 1674 impedimentis
808 1597 934 1674 lucrant,
945 1596 1066 1674 proelio
1082 1615 1160 1657 nun-

99 1678 169 1737 tiato
187 1695 277 1737 cursu
292 1677 410 1739 incitato
427 1679 457 1737 in
474 1697 591 1738 summo
608 1679 681 1738 colle
697 1679 731 1739 ab
747 1679 881 1739 hostibus
898 1680 1161 1762 conspiciebantur,

101 1769 128 1822 et
144 1762 177 1822 T.
192 1761 337 1822 Labienus
354 1762 455 1823 eastris
472 1762 603 1822 bostium
618 1763 729 1842 potitus
743 1771 816 1823 etex
831 1765 896 1824 loco
913 1765 1072 1843 superiore,
1088 1785 1161 1844 quae
1182 1783 1198 1831 4

100 1865 147 1907 res
164 1847 196 1906 in
212 1846 323 1906 nostris
339 1847 442 1908 castris
458 1851 640 1924 gererentur,
661 1848 844 1928 conspicatus
861 1849 1002 1909 decimam
1017 1849 1161 1927 legionem

100 1931 234 1992 subsidio
255 1931 365 1992 nostris
386 1931 473 1992 misit.
510 1931 567 2004 Qui
588 1944 656 1993 eum·
674 1952 708 1993 ex
728 1933 857 2012 equitum
883 1942 911 1994 et
931 1934 1066 1994 calonum
1086 1936 1160 2012 luga,
1182 1947 1197 1995 5

100 2035 158 2095 quo
175 2016 207 2075 in
224 2016 290 2076 loco
307 2035 354 2076 res
371 2024 457 2089 esset,
473 2025 640 2098 quantoque
654 2018 685 2077 in
699 2018 827 2098 periculo
841 2026 869 2078 et
885 2027 978 2078 eastra
990 2027 1018 2079 et
1031 2019 1160 2098 legiones

135 2219 188 2268 2u.
200 2217 224 2267 3.
236 2217 380 2285 inculpatos
389 2216 493 2269 lucore:
506 2219 605 2270 erliess
658 2235 731 2270 wenn
755 2221 791 2270 sie
810 2220 954 2270 verbunden
972 2222 1022 2270 und
1040 2222 1085 2271 mit
1102 2237 1161 2272 ver·

11 2303 12 2306 ¹
100 2285 606 2350 dieeoofartosmila'tesl§l)siehweiter
659 2289 793 2353 doppelter
812 2287 907 2338 Fronte
929 2289 1095 2351 vordrangen,
1116 2291 1161 2339 das
1234 2321 1238 2328 ι

99 2353 268 2402 anscinander
280 2351 381 2400 stellcn.
397 2381 430 2388 -
447 2352 539 2404 laxare
550 2358 605 2404 tua·
658 2355 907 2418 Umgangenwerden
922 2356 989 2404 nicht
1000 2372 1032 2404 zu
1044 2355 1161 2404 beliirclr-

99 2423 145 2484 sit‚
159 2419 211 2468 wie
223 2433 245 2468 c.
259 2418 287 2480 5,
301 2417 329 2480 6,
346 2420 408 2468 doch
418 2420 481 2484 liegt
493 2422 548 2470 bier
560 2423 605 2470 das
658 2429 713 2472 ten:
734 2439 815 2488 acque
835 2426 955 2472 tiara-erent
973 2449 1008 2458 -
1025 2427 1162 2473 circulare-

99 2485 470 2537 zudenkeodeSubiectnalre.
483 2492 606 2553 *sigua
658 2492 785 2540 orirentur.
810 2488 893 2551 (Nacb
913 2488 1020 2538 Miillers
1042 2489 1162 2552 riebtiger

11 2583 12 2598 i
97 2553 604 2620 basma=angreilen.—Manbeaehte
658 2556 816 2618 Bemerlrung
843 2556 908 2605 kann
933 2556 958 2604 in
988 2557 1044 2605 dem
1073 2556 1161 2606 bloseu
1230 2591 1238 2594 -

97 2622 220 2685 librigens
234 2621 274 2670 dic
287 2622 363 2670 dureb
376 2623 421 2671 das
435 2622 551 2685 Streben,
562 2623 604 2679 ,die
658 2627 735 2688 segne
751 2626 898 2672 concertare
916 2623 984 2673 nicbt
1002 2623 1049 2672 der
1070 2623 1168 2686 Begrill'

99 2689 152 2755 sicli
180 2689 277 2738 acbnell
302 2687 437 2752 folgenden
458 2689 604 2752 Erelgnisse
659 2691 730 2740 einer
748 2690 922 2752 Schwenkung
944 2692 1004 2738 nach
1023 2697 1161 2753 cntgegen-

99 2756 409 2820 zusamrnenzndr'eingen,
444 2757 604 2806 veranlnsste
659 2764 790 2821 gesetzten
812 2757 897 2807 Seiten
918 2757 960 2806 bin
981 2756 1077 2819 liegen,
1098 2773 1160 2822 was,

98 2823 186 2888 Lange
201 2824 247 2873 der
258 2823 374 2885 Pericle,
387 2825 437 2874 wie
451 2825 487 2874 sie
501 2826 552 2874 sicli
566 2824 605 2874 bei
658 2826 707 2875 wie
730 2827 752 2888 1,
769 2823 814 2888 25,
833 2825 847 2873 7
865 2825 941 2874 durch
960 2827 1080 2891 bipartito
1098 2826 1161 2874 oder

98 2891 125 2942 C.
144 2892 228 2942 selten
242 2891 334 2941 finden.
358 2892 404 2941 Die
416 2891 551 2942 liiiclisielrt
562 2891 609 2942 aul

54 3011 55 3016 ,
97 2958 606 3022 DeutllcblreitgebotdieWiederlrolung

98 3028 142 3078 des
151 3027 319 3090 rcgiereotlen
329 3026 392 3076 aida
400 3042 439 3076 am
449 3027 519 3076 Eride
529 3027 573 3076 des
587 3025 604 3092 ξ

100 3095 122 3144 1.
132 3123 167 3132 -·-
178 3098 206 3145 alt
216 3098 341 3148 eoetrcrm'r
351 3097 406 3144 aro's
420 3097 511 3145 rebus.-
520 3096 549 3144 in
559 3096 606 3143 der

98 3164 259 3280 {mammem
277 3162 398 3278 bo'gbsten
411 3161 513 3280 Geloblg.
519 3179 548 3280 ἕ.
562 3161 604 3226 27,

119 3247 185 3349 '2⁰0-
207 3245 602 3362 l.ilubigrbybbebpdeizbdfben

97 3365 206 3429 hagion,
226 3363 273 3424 23,
292 3364 316 3414 4.
336 3393 370 3400 -
387 3379 510 3415 conuersa
528 3368 604 3430 algua

96 3435 234 3499 auferrem.
249 3431 276 3481 C.
285 3432 352 3481 liisst
360 3431 399 3481 ‹lie
410 3431 500 3482 beiden
510 3431 602 3494 Legio·

97 3517 158 3564 nen,
172 3500 213 3551 dic
225 3500 319 3549 verber
331 3501 392 3548 nach
406 3500 602 3549 verschiedenen

98 3569 184 3618 Seiten
198 3568 239 3616 bin
255 3567 395 3631 liiimpltco,
413 3567 469 3616 eine
482 3567 601 3615 Schwen-

97 3636 163 3700 luog
182 3637 275 3700 (signa
292 3635 454 3697 convertere)
474 3635 524 3682 und
542 3649 601 3684 ver-

97 3705 174 3768 einigt
198 3703 260 3752 nach
290 3703 362 3751 einer
390 3701 441 3750 und
470 3700 603 3750 derselben

58 3773 61 3780 ’
98 3770 166 3822 Seite
176 3771 259 3822 Front
268 3769 380 3820 macben.
398 3768 481 3817 Ilurcb
491 3767 602 3819 dieVer-

97 3837 384 3958 aremare
399 3834 605 3966 aalma

144 3925 158 3958 a

97 3975 191 4030 moed.
210 3973 334 4041 ferret),
365 3971 415 4022 und
444 3971 481 4020 sia
507 3972 602 4035 butten,

659 2893 725 2942 ssa'bnl.
738 2893 886 2942 bezeichnet
897 2893 999 2941 werden
1012 2893 1130 2954 miisste.)

693 2959 717 3009 2.
735 2977 816 3025 oreque
833 2961 1028 3010 timerentr'und
1041 2962 1090 3020 sie,
1104 2961 1127 3010 d
1143 2961 1160 3010 i.

658 3027 1162 3090 allevereinigtenSoldatennichtl'rirch·

657 3101 737 3145 teten.
759 3093 859 3144 licente
872 3110 900 3144 es
912 3095 967 3144 also
979 3095 1035 3144 bier
1049 3097 1111 3145 aucb
1129 3099 1161 3146 ta'-

657 3167 741 3213 meret
757 3163 857 3213 beissen
869 3163 919 3212 und
929 3163 997 3212 steht
1009 3163 1055 3212 der
1065 3161 1160 3227 Plorul‚

657 3231 707 3280 wie
729 3237 801 3281 soust
825 3231 889 3280 wolrl
911 3232 972 3279 nach
995 3229 1159 3294 Collectiven‚

658 3298 726 3415 gligg
736 3298 821 3414 agiona,
833 3302 946 3363 uterque,
960 3300 1082 3363 quisque?
1094 3313 1114 3346 s.
1127 3313 1160 3346 zu

692 3431 716 3482 3.
729 3403 826 3483 ’reddite-r
838 3431 888 3498 leg.
901 3431 1025 3482 duarum:
1042 3448 1063 3481 e.
1079 3429 1122 3490 19,
1136 3429 1159 3481 3.

656 3499 805 3616 -ῙῙῘνοῧθὶῖο
823 3502 941 3548 nuntiato
959 3513 1038 3548 eursu
1055 3500 1159 3548 metato

656 3583 678 3616 c.
727 3605 734 3630 ,
764 3603 770 3616 .

691 3635 715 3684 5.
744 3637 903 3685 uersaretur.
935 3631 1004 3699 Nncb
1027 3633 1160 3688 mebraren

657 3701 742 3751 Subat.
755 3717 804 3752 von
817 3699 1021 3750 verschiedenem
1033 3697 1159 3749 Numeros

657 3770 724 3819 steht
736 3769 780 3818 das
793 3768 849 3817 (lom
858 3766 954 3817 Nomen
964 3767 996 3815 im
1006 3765 1102 3828 Singul.
1113 3782 1159 3815 zu-

656 3835 745 3885 n'aielrst
761 3835 882 3884 stehande
894 3833 983 3893 Verb.‚
1001 3849 1073 3884 wenn
1082 3832 1158 3896 jones

655 3902 694 3953 als
712 3902 855 3962 besondera¹
872 3900 1083 3964 bedentuogsvoll
1101 3903 1159 3951 ber·

655 3969 816 4034 vorgeboben
829 3969 932 4020 werden
945 3968 1007 4034 soll,
1021 3969 1053 4019 iio
1066 3967 1157 4032 Singu-

920 4050 959 4102 8*
