2776 4484
550 284 570 336 l.
590 283 705 334 18-20.

1117 291 1156 354 61

83 437 187 498 simae
201 455 250 496 res
265 437 445 511 accederent,
465 438 546 516 quod
559 455 613 516 per
627 437 701 497 lines
718 438 922 516 Sequanorum
935 439 1080 504 Helvetios
1095 449 1156 504 tra-

84 519 237 591 duxisset,
254 521 334 599 quod
350 521 467 582 obsides
483 522 624 582 intereos
640 522 754 582 dandos
766 531 905 596 curasset,
922 525 1000 602 quod
1012 544 1045 596 ea
1057 527 1156 590 omnia

85 623 157 668 non
170 605 265 666 modo
280 603 397 668 iniussu
411 624 465 667 suo
487 614 517 667 et
536 605 671 678 civitatis,
691 606 743 666 sed
765 606 851 667 etiam
870 607 1061 670 inscientibus
1080 611 1155 690 ipsis

83 688 226 763 fecisset,
248 689 328 766 quod
348 709 364 750 a
384 689 555 768 magistratu
570 690 760 752 Haeduorum
780 699 978 766 accusaretur,
1000 693 1070 756 satis
1091 714 1156 756 esse
1186 719 1188 724 ¹

84 792 199 834 causae
219 772 426 848 arbitrabatur,
450 793 539 853 quare
558 774 589 834 in
609 793 677 834 eum
698 782 747 836 aut
765 774 829 854 ipse
847 775 1088 841 animadverteret
1106 787 1157 842 aut

85 858 241 919 civitatem
260 857 488 920 animadvertere
506 858 626 920 iuberet.
661 858 714 918 His
735 858 872 922 omnibus
892 861 980 922 rebus
994 880 1088 926 uuum
1107 883 1156 925 re·
1177 871 1193 922 2

85 941 253 1022 pugnabat,
269 942 348 1021 quod
363 943 493 1004 Divitiaci
508 943 604 1003 fratris
620 961 771 1004 summum
785 943 817 1024 in
830 945 974 1024 populum
988 947 1157 1010 Romanum

85 1027 241 1099 studium,
262 1045 411 1088 summam
425 1027 456 1087 in
471 1046 503 1088 se
517 1028 707 1100 voluntatem,
728 1028 872 1106 egregiam
887 1029 988 1102 fidem,
1007 1031 1156 1105 iustitiam,

86 1109 320 1190 temperantiam
339 1119 528 1190 cognoverat:
547 1129 629 1185 nam,
648 1129 686 1172 ne
707 1111 769 1175 eius
790 1113 933 1191 supplicio
948 1115 1077 1176 Divitiaci
1091 1117 1155 1178 ani·

87 1215 178 1256 mum
194 1195 365 1268 offenderet,
381 1196 540 1257 verebatur.
571 1197 671 1274 ltaque
685 1196 777 1274 prius,
793 1215 879 1274 quam
895 1198 1050 1277 quicquam
1064 1219 1155 1263 oona·
1178 1209 1193 1258 3

85 1288 187 1352 retur,
213 1278 386 1341 Divitiacum
405 1281 441 1340 ad
461 1299 494 1340 se
513 1281 610 1341 vocari
630 1280 710 1342 iubet
729 1288 757 1342 et
777 1281 930 1343 cotidianis
948 1283 1155 1363 interpretibus

88 1363 218 1426 remotis
234 1382 288 1442 per
302 1363 333 1424 C.
344 1363 490 1426 Valerium
501 1364 668 1437 Procillum,
684 1363 846 1444 principem
862 1366 967 1428 Galbae
982 1368 1156 1446 provinciae,

88 1448 268 1510 familiarem
287 1465 388 1522 suurn,
407 1449 453 1510 cui
475 1467 622 1510 summam
642 1449 775 1510 omnium
796 1469 895 1514 rorum
915 1451 1003 1512 fidem
1023 1453 1154 1526 habebat,
1189 1514 1196 1530 ,

88 1551 161 1593 cum
177 1551 215 1592 eo
233 1532 422 1610 colloquitur:
438 1533 525 1594 simul
540 1533 774 1605 commonefacit,
788 1553 861 1613 quae
875 1534 942 1613 ipso
958 1543 1111 1614 praesente
1125 1537 1157 1598 in
1178 1543 1195 1593 4

91 1616 220 1678 concilio
238 1616 387 1677 Gallorum
402 1618 439 1677 de
452 1617 632 1694 Dumnorige
647 1617 707 1677 sint
721 1617 806 1690 dicta,
825 1626 853 1678 et
868 1619 1004 1692 ostendit,
1019 1639 1092 1698 quae
1106 1640 1155 1682 se-

90 1701 221 1779 paratim
236 1701 359 1780 quisque
375 1701 411 1761 de
425 1721 460 1762 eo
477 1702 554 1779 apud
570 1720 602 1761 se
619 1701 728 1760 dixerit.
760 1701 835 1762 Petit
855 1710 939 1782 atque
957 1704 1104 1778 bortatur,
1122 1714 1156 1767 ut
1179 1714 1193 1762 5

91 1785 158 1845 sine
178 1784 242 1845 eius
264 1785 425 1846 offensione
445 1785 534 1846 enimi
553 1786 596 1845 vel
616 1785 681 1863 ipse
695 1785 731 1845 de
751 1805 786 1848 eo
802 1805 888 1846 causa
908 1787 1025 1865 cognita
1039 1796 1154 1865 statuat,

90 1870 138 1929 vel
154 1869 301 1932 civitatem
316 1877 441 1931 statuere
455 1869 560 1930 iubeat.

126 1979 128 1984 ·
180 1961 232 2020 20,
255 1953 409 2015 Divitiacus
436 1953 534 2015 multis
561 1973 628 2015 oum
654 1954 780 2016 lacrimis
807 1955 959 2016 Caesarem
986 1958 1155 2036 complexus

91 2040 255 2101 obsecrare
270 2039 378 2117 coepit,
398 2057 436 2099 ne
455 2039 524 2121 quid
544 2039 658 2118 gravius
673 2039 704 2098 in
720 2040 838 2100 fratrem
854 2048 1005 2102 statueret:
1027 2041 1107 2103 Scire
1123 2062 1155 2104 se
1177 2048 1192 2097 2

89 2124 140 2184 illa
156 2141 223 2182 esse
238 2141 313 2196 vera,
328 2141 383 2183 nec
397 2141 573 2202 quemquam
587 2143 623 2184 ex
634 2142 668 2183 eo
685 2124 750 2202 plus
767 2143 855 2203 quam
870 2144 902 2185 se
917 2125 1027 2186 doloris
1044 2145 1154 2205 capere,

87 2215 250 2286 propterea
265 2208 352 2285 quod,
369 2207 513 2285 cumipse
528 2207 617 2286 gratia
633 2208 792 2286 plurimum
809 2209 890 2269 domi
905 2217 991 2287 atque
1001 2209 1033 2271 in
1044 2211 1154 2290 reliqua

86 2291 195 2364 Gallia,
215 2291 262 2352 ille
282 2290 437 2352 minimum
457 2300 579 2371 propter
592 2291 819 2353 adolescentiam
839 2301 955 2371 posset,
974 2313 1074 2372 perse
1089 2313 1152 2356 cre-

86 2377 195 2451 visset3
208 2375 314 2455 quibus
326 2375 431 2454 opibus
444 2395 477 2437 ac
487 2377 583 2436 nervis
594 2394 656 2436 non
668 2376 765 2437 solum
777 2377 813 2438 ad
823 2377 1013 2438 minuendam
1025 2380 1155 2457 gratiam,
1179 2389 1194 2438 3
1237 2389 1241 2396 “

128 2501 180 2570 19.
202 2511 225 2561 1.
242 2512 312 2577 quod
327 2499 502 2563 traducerem.-
523 2513 551 2574 9,
573 2513 597 2560 4.

88 2580 138 2630 Dic
151 2579 356 2642 Wiederbolung
372 2581 416 2628 des
433 2580 501 2645 quod
518 2580 598 2638 (Ana-

88 2649 184 2714 pbora)
204 2662 252 2696 zur
268 2647 465 2710 Hervorhebung
482 2649 527 2697 der
544 2647 598 2696 ein-

89 2716 185 2765 zelnen
197 2714 366 2778 Strafgriiotle
377 2743 407 2751 -
427 2715 453 2764 in
465 2715 511 2764 der
523 2714 598 2764 Seelo
626 2730 635 2738 ·

90 2784 137 2848 des
147 2782 256 2844 Caesam
271 2783 348 2831 daher
357 2781 599 2832 derConiunctiv.-

88 2853 258 2900 medentibus
273 2852 351 2916 ipsis:
367 2849 476 2900 Caesare
493 2857 519 2900 et
536 2849 598 2899 eivi-

89 2919 148 2968 bus.
165 2946 201 2954 —-
215 2933 232 2966 a
251 2919 411 2982 mistreto
430 2917 520 2982 Haed,
543 2917 613 2986 dem

89 2985 269 3048 Vergobreten
283 2984 381 3047 Liscus,
394 3000 415 3033 c.
432 2983 470 3046 to,
485 2985 508 3033 5.
521 3001 546 3033 ιι.
559 2984 598 3033 17.

126 3051 152 3102 3.
166 3051 192 3102 0.
198 3051 228 3102 V
225 3051 490 3102 conmmeatum
500 3067 521 3101 c.
532 3051 564 3100 47
572 3066 597 3100 u.

91 3119 135 3168 53.
145 3148 180 3156 -
190 3123 319 3187 particeps.
333 3119 358 3168 S.
369 3135 401 3168 zu
410 3135 432 3168 c.
442 3117 466 3180 3,
481 3119 510 3179 43
521 3125 598 3168 unten

90 3203 114 3236 c.
128 3185 174 3251 53,
193 3185 221 3235 6:
240 3189 317 3236 bomo
329 3187 527 3238 honestissimae
541 3184 598 3236 Gal-

87 3255 143 3304 liae
155 3257 311 3322 protractae.
329 3281 363 3288 —
380 3257 422 3304 cut
433 3257 546 3304 omnium
557 3269 599 3302 re·

89 3337 153 3374 rum
166 3322 252 3388 fidem
275 3322 384 3372 babebat
396 3344 431 3364 =
446 3325 519 3372 cuius
532 3321 601 3388 fidei

92 3406 183 3441 onmes
195 3405 239 3440 res
252 3388 380 3440 credebat.

125 3457 150 3507 4.
168 3457 249 3508 Amul
263 3457 332 3506 nicht
347 3472 378 3506 an
397 3458 442 3506 das
458 3457 598 3519 vorterge-

89 3525 172 3576 herde
206 3523 359 3589 colloquitur
393 3523 598 3573 anzuschliesseu

91 3593 132 3654 (in
145 3591 304 3643 dem'Sinne:
323 3607 352 3641 er
369 3592 464 3656 spriebt
478 3591 524 3640 mit
539 3591 597 3653 ibm,

90 3661 142 3710 uod
159 3659 286 3724 angleicb,
309 3673 399 3708 ausser
414 3660 483 3721 dem,
501 3673 551 3708 was
569 3673 599 3707 er

90 3735 164 3780 sonet
177 3728 242 3777 noch
255 3727 301 3776 mit
313 3727 361 3776 ihm
373 3728 471 3792 spracb,
484 3725 599 3793 erinucrt

91 3798 146 3860 er),
167 3795 281 3846 sondern
298 3795 344 3843 mit
359 3795 415 3844 dem
426 3792 561 3855 folgenden
573 3797 600 3842 et

91 3863 256 3916 ostenditur
272 3861 422 3911 verbinden:
445 3860 534 3910 netues
552 3876 598 3909 zu-

85 3946 201 3984 sammen
224 3931 260 3981 ist
280 3927 374 3978 Zweok
396 3929 446 3980 und
465 3927 599 3992 abeloiger

653 2511 814 2576 Gegenstnnd
826 2514 872 2564 des
884 2513 1037 2579 Gcspriicbs.

687 2580 711 2628 5.
728 2583 804 2646 petit,
822 2585 897 2631 ut-
912 2586 1014 2632 stamar
1025 2609 1059 2618 -
1069 2585 1157 2632 iubeat
1235 2597 1238 2604 ’

653 2646 784 2710 (Caesar).
819 2647 1032 2710 lligentbiimlicbe
1059 2647 1155 2713 Iliirze,

651 2715 734 2763 indern
750 2729 807 2763 man
824 2715 911 2777 bittet,
929 2717 987 2766 dass
1003 2731 1059 2766 man
1077 2723 1155 2768 etwas

652 2783 720 2844 tbue,
731 2782 792 2831 oder
801 2783 859 2832 dass
870 2790 947 2832 etwas
957 2785 1088 2846 gescbehe,
1101 2799 1155 2834 was

652 2864 701 2897 nur
713 2850 789 2899 durch
802 2849 1000 2913 Zugesttntlniss
1013 2852 1057 2901 des
1070 2850 1154 2902 Geba-

652 2923 729 2966 teneo
752 2918 860 2981 tndglicb
882 2919 958 2980 wird,
974 2919 1029 2969 also
1045 2942 1080 2962 =
1096 2921 1155 2970 dass

652 2999 682 3033 er
691 2985 772 3035 selbst
780 3001 860 3048 gegen
870 2987 910 3035 ibn
920 2986 1047 3037 erkennen
1057 2987 1155 3038 diirfo.

652 3052 679 3101 B.
690 3051 717 3101 C.
730 3051 751 3101 1.
762 3051 803 3116 26,
814 3052 842 3102 3:
855 3057 951 3122 etipse
963 3054 1083 3119 (Caesar)
1097 3071 1157 3107 oum

651 3119 773 3187 Pompeio
803 3121 1001 3188 colloqueretur,
1050 3123 1154 3174 ostulat.
1222 3173 1230 3181 ,

651 3185 798 3254 Nipperdey
808 3205 839 3238 zu
849 3187 913 3254 Nep.
924 3189 1010 3256 Epam.
1037 3229 1044 3254 ,
1055 3190 1084 3240 4:
1097 3206 1156 3243 cum

652 3259 767 3320 rogaret,
780 3261 810 3306 ut
821 3260 945 3308 cetret=
951 3273 999 3324 per
1012 3275 1070 3309 eum
1083 3263 1157 3309 eata-e

651 3321 745 3372 liceret.
763 3323 810 3373 llio
827 3325 1005 3374 weseotlicher
1020 3325 1094 3376 Theil
1111 3326 1157 3376 der

652 3388 720 3439 Bitte
744 3390 806 3454 liegt
830 3391 948 3454 librigens
973 3392 999 3441 in
1022 3396 1077 3442 stne
1100 3395 1156 3442 eius

653 3458 796 3521 offensione
807 3462 927 3508 animi:
936 3461 999 3508 ohne
1012 3459 1052 3509 ibn
1065 3459 1089 3507 in
1103 3459 1155 3508 sei·

652 3539 708 3572 nem
721 3524 820 3575 llerzen
833 3543 863 3576 zu
876 3526 997 3589 krtinkem
1011 3541 1032 3575 s.
1043 3525 1057 3589 ξ
1067 3525 1097 3584 2;
1114 3527 1156 3591 os-

644 3582 770 3657 sensione
791 3597 871 3643 anicet
885 3593 923 3643 als
944 3595 992 3643 ein
1011 3593 1108 3656 Regritf
1123 3609 1155 3643 zu

652 3658 763 3722 denken,
782 3676 831 3710 von
848 3662 904 3710 dem
921 3662 985 3710 daun
998 3663 1052 3711 οιίιι
1070 3660 1154 3724 (Divi-

653 3725 729 3843 tiacig
739 3727 857 3791 abbiingt.

686 3784 707 3842 2
730 3793 783 3842 .3,
804 3797 878 3844 cerci
887 3798 1011 3860 meres,
1030 3799 1154 3864 potentia.

653 3860 704 3909 Cic.
721 3860 782 3910 Phil.
798 3861 836 3910 15.
858 3860 900 3910 12:
917 3867 1066 3930 cooperietur
1081 3880 1155 3916 sena·

654 3931 697 3978 tus
707 3933 886 3997 cerneretque
898 3933 974 3984 atrae
997 3959 1001 3966 ·
1178 3951 1182 3958 ·
