2828 4480
248 329 312 409 244
609 333 653 384 nn
670 333 778 386 numo
797 331 938 388 cucuma

214 492 231 542 a
249 480 388 562 tingebat,
408 481 438 544 in
452 484 662 567 longitudinem
676 486 785 564 pedum
800 487 990 551 ducentorum
1004 487 1154 560 rescindit,
1174 488 1305 568 atquem

249 575 378 630 extremo
389 576 479 645 ponte
490 569 594 630 turrim
605 571 798 652 tabulatorum
810 560 945 652 quattuor
955 572 1304 651 constituitpraesidium·

249 671 305 732 que
324 651 490 714 cohortium
509 654 661 716 duodecim
680 656 780 734 pontis
799 657 897 718 tuendi
922 676 1007 720 causa
1025 657 1110 736 ponit
1134 658 1306 738 magnisque

249 755 317 798 eum
335 736 432 797 locum
451 739 661 800 munitionibus
679 740 784 801 mmet.
822 741 857 809 Ei
881 742 946 802 loco
972 741 1176 821 praesidioque
1201 742 1306 804 Gaium

212 833 230 884 4
248 820 408 884 Volcatium
420 823 535 883 Tullum
549 824 758 885 adulescentem
770 827 913 904 praefecit.
939 825 1015 905 lpse,
1031 846 1097 888 cum
1112 834 1307 902 maturescere
1399 841 1400 854 ¹

247 907 392 966 frumenta
407 906 573 987 inciperent,
589 909 624 969 ad
639 909 745 970 bellum
756 910 930 988 Ambiorigis
946 913 1095 990 proiectus
1105 930 1158 990 per
1168 911 1306 973 Arduen-

247 1009 317 1051 nam
332 990 447 1070 silvam2
468 1013 540 1073 quae
554 1001 598 1055 est
612 994 701 1055 totius
717 994 821 1056 Galliae
835 995 960 1056 maxima
974 1004 1059 1075 atque
1073 995 1109 1056 ab
1123 996 1196 1075 ripis
1210 994 1307 1058 Rheni

247 1075 411 1156 finibusque
430 1077 622 1139 Treverorum
641 1079 677 1139 ad
696 1079 817 1140 Nervios
836 1080 959 1159 pertinet
982 1080 1156 1160 milibusque
1178 1082 1305 1161 amphus

248 1161 411 1240 quingentis
426 1162 456 1222 in
470 1162 680 1242 longitudinem
693 1172 779 1248 patet,
794 1165 987 1238 L.Minucium
998 1165 1125 1226 Rasilum
1141 1185 1208 1227 oum
1224 1167 1307 1228 omni

247 1245 375 1324 equitatu
391 1247 560 1325 praemittit,
582 1248 606 1308 si
621 1248 689 1326 quid
704 1249 845 1310 celeritate
858 1250 970 1311 itineris
986 1258 1071 1330 atque
1085 1252 1308 1329 opportunitate

212 1344 227 1393 5
247 1330 390 1408 temporis
405 1332 545 1408 proficere
558 1333 668 1411 possit;
687 1342 800 1410 monet,
819 1342 852 1394 ut
866 1335 947 1413 ignes
961 1335 992 1396 in
1006 1335 1108 1396 castris
1123 1335 1185 1396 lieri
1200 1337 1307 1415 prohi-

245 1413 319 1488 beat,
333 1433 371 1476 ne
387 1432 442 1496 qua
457 1417 518 1478 eius
533 1418 671 1478 adventus
685 1420 789 1498 procul
804 1419 973 1498 significatio
989 1420 1050 1480 fiat:
1072 1438 1136 1480 sese
1150 1421 1308 1482 confestim

248 1500 386 1579 sulmequi
402 1501 477 1563 dicit.
851 1533 855 1539 ·

332 1591 383 1652 30.
415 1587 540 1662 Basilus,
559 1595 593 1648 ut
611 1588 785 1667 imperatum
804 1597 860 1662 est,
880 1589 955 1649 iacit.
994 1588 1129 1650 Celeriter
1147 1597 1309 1669 contraque

247 1670 379 1732 omnium
405 1671 572 1749 opinionem
598 1674 729 1735 conlecto
749 1673 851 1735 itinere
869 1675 977 1736 multos
996 1674 1027 1734 in
1053 1674 1128 1752 agris
1148 1673 1308 1754 inopinan-

248 1763 292 1816 tes
312 1755 513 1842 deprehendit:
539 1776 642 1818 eorum
661 1758 767 1819 indicio
788 1759 824 1818 ad
843 1758 941 1836 ipsum
960 1758 1156 1836 Ambiorigem
1182 1767 1307 1820 conten·
1400 1797 1401 1804 κ

211 1848 228 1899 2
249 1841 302 1914 dit,
328 1859 385 1920 (quo
404 1841 435 1900 in
453 1840 518 1901 loco
538 1861 605 1902 cum
623 1845 725 1920 paucis
743 1842 886 1922 equitibus
906 1863 970 1905 esse
990 1843 1144 1904 dicebatur.
1182 1844 1309 1904 Multum

247 1944 314 1985 cum
333 1926 363 1984 in
384 1925 519 1986 omnibus
539 1926 628 1986 rebus
645 1935 709 1988 tum
727 1927 758 1988 in
776 1947 809 1988 re
829 1928 943 1988 militari
957 1936 1053 2007 potest
1067 1930 1192 1989 fortuna.
1231 1929 1309 1990 Nam

246 2010 322 2070 siout
340 2011 446 2087 magno
466 2009 568 2070 accidit
593 2030 674 2083 casu,
699 2013 786 2072 utin
811 2012 908 2090 ipsum
934 2013 1081 2076 incautum
1107 2013 1194 2074 etiam
1220 2021 1308 2093 atque
1400 2027 1401 2034 ’

246 2093 420 2171 imparatum
436 2093 588 2167 inciderat,
602 2095 742 2175 priusque
757 2096 819 2156 eius
834 2097 972 2158 adventus
989 2097 1024 2157 ab
1040 2087 1181 2158 omnibus
1191 2097 1308 2158 videre·

247 2185 309 2250 tur,
329 2196 416 2256 quam
436 2179 511 2238 larua
530 2198 563 2240 ac
581 2181 700 2242 nuntius
716 2182 879 2254 afferretur,
899 2181 941 2242 sic
960 2181 1152 2260 magnaelsuit
1171 2183 1309 2266 fortunae

143 2277 149 2290 ’
247 2262 328 2322 omni
343 2261 457 2325 militari
471 2261 674 2339 instrumento,
689 2266 767 2346 quod
784 2265 891 2326 circum
908 2285 939 2326 se
953 2265 1083 2340 habebat,
1099 2275 1211 2342 arepto,
1227 2263 1306 2324 redis

143 2384 145 2389 ·
210 2357 226 2407 3
247 2347 386 2426 equisque
401 2349 620 2427 comprehensis
635 2349 733 2428 ipsum
748 2351 872 2429 effugere
886 2357 1021 2412 mortam.
1049 2348 1105 2409 Sed
1119 2349 1177 2409 hoc
1188 2367 1308 2428 quoque

247 2433 354 2495 sactum
369 2440 421 2505 est,
435 2434 513 2511 quod
528 2433 656 2496 aedificio
673 2434 943 2508 circumdatosilva,
959 2442 992 2494 ut
1007 2441 1075 2494 sunt
1089 2434 1148 2493 lere
1160 2432 1307 2495 domicilia

247 2517 402 2591 Gallorum,
418 2518 467 2597 qui
481 2518 588 2580 vitandi
602 2528 698 2581 aestus
714 2539 801 2581 causa
815 2521 985 2600 plerumque
1000 2518 1139 2579 silvarum
1151 2525 1235 2596 atque
1246 2519 1305 2580 ilu-

280 2686 304 2736 4,
336 2687 371 2737 ad
389 2687 480 2738 bellum
500 2691 668 2755 Ambiom'ga's.
713 2689 746 2740 So
835 2677 887 2740 30·
914 2688 938 2738 2.
957 2687 1116 2738 «Multum—
1155 2690 1222 2736 otest
1237 2685 1325 2752 sors
1401 2677 1402 2722 i

246 2755 320 2817 lange
337 2754 468 2805 Ambiorix
484 2755 565 2820 iebus,
582 2759 628 2807 der
643 2755 746 2807 aleno·
801 2760 872 2808 tuna.
903 2754 1107 2819 Liv.9.17‚a:
1143 2759 1238 2805 ortana
1254 2770 1306 2822 per

245 2838 299 2871 mer
310 2822 402 2872 chenso
414 2823 493 2887 hestig
503 2825 601 2888 bassio,
617 2825 656 2874 als
669 2840 698 2874 er
709 2825 747 2874 ih·
801 2827 886 2875 enoria
901 2824 1023 2888 buinaria,
1044 2826 1157 2873 remotiora
1176 2825 1203 2872 ah
1223 2823 1303 2874 rebm

246 2905 291 2939 reu
311 2889 500 2954 Veriolgungen
525 2893 611 2942 schluu
636 2909 669 2940 zu
692 2899 748 2942 cut·
801 2890 1304 2958 bellicaspoteos.-magoocasu:durch

246 2947 327 3020 gehen
343 2963 451 3020 wusste,
469 2957 562 3008 honnte
579 2959 606 3008 C.
618 2958 664 3008 auf
675 2957 746 3008 Ruhe
792 2959 872 3020 ¹einen
882 2974 996 3022 grossen,
1009 2973 1072 3021 ganz
1082 2959 1239 3008 besonderen
1250 2957 1304 3008 Zu-

247 3025 272 3072 in
297 3022 395 3074 Gallien
418 3025 485 3074 nieht
506 3026 596 3075 helien.
632 3028 671 3076 An
696 3027 748 3076 sei·
800 3025 856 3089 fall,
879 3027 909 3076 da
926 3041 973 3074 nur
994 3025 1070 3075 durch
1091 3026 1130 3075 ein
1146 3025 1302 3076 besonderes

246 3106 293 3139 ner
307 3090 480 3154 Varnichtung
506 3101 601 3144 musste
629 3094 679 3143 ihm
701 3110 749 3144 vor
801 3093 1040 3143 Zusauumentreffen
1071 3109 1120 3144 von
1147 3092 1303 3146 Umst'ainden

245 3158 328 3208 Allem
341 3158 439 3222 liegen3
453 3160 530 3209 daher
541 3161 614 3210 leitet
627 3177 656 3210 er
668 3161 749 3211 selbst
801 3163 870 3211 ‹liese
898 3159 1129 3226 Ueberrumpeluug
1157 3162 1201 3211 des
1229 3161 1303 3211 Amb.

247 3223 382 3289 deullrieg
393 3241 473 3289 gagen
485 3227 535 3277 ihn.
562 3227 588 3278 S.
602 3228 625 3278 8.
638 3229 670 3278 24
682 3230 746 3279 all.
787 3229 906 3291 'moglicn
928 3244 990 3278 war.
1030 3227 1185 3292 S.B.C.3.
1205 3227 1249 3290 14,
1272 3228 1302 3290 3;

245 3321 275 3330 -
296 3297 465 3362 si—possit:
482 3296 512 3344 ob
529 3311 558 3346 er
573 3297 703 3346 vielleicht
714 3323 748 3336 -
802 3297 894 3346 ehenso
908 3298 1017 3348 nachhcr
1027 3297 1303 3362 magnaasuitsortu-

245 3362 347 3425 litante,
358 3363 410 3412 dh.
420 3379 460 3412 um
469 3379 501 3414 zu
510 3365 658 3429 versuchen‚
669 3365 747 3417 oh-.
801 3381 857 3426 noe.
898 3364 1057 3430 (Unpassend
1088 3365 1121 3414 ist
1151 3379 1179 3414 es
1202 3364 1303 3414 erhliirt

246 3447 268 3478 o.
287 3429 331 3496 37,
349 3429 377 3478 4:
399 3431 641 3498 drocopfunduotur
660 3433 748 3483 hostes
801 3434 917 3482 worden:
930 3433 978 3482 wie
988 3447 1016 3482 es
1025 3433 1063 3482 ain
1074 3433 1202 3482 schwerer
1211 3431 1303 3495 Sahlag

207 3505 210 3516 “
246 3500 568 3617 dectrectaret
590 3500 748 3617 11111
801 3491 1158 3632 lustratum-thr
1173 3499 1199 3617 1·
1208 3499 1302 3616 ltili?

280 3633 305 3683 5.
331 3636 386 3684 dns
407 3634 543 3686 adcantus:
564 3607 588 3686 A
608 3636 651 3701 16,
669 3637 692 3686 7.
713 3665 748 3674 -
800 3651 891 3686 nec—
907 3640 1079 3686 atiam=nec
1096 3635 1164 3685 dum.

248 3717 305 3751 seeo
320 3704 441 3767 subsequi
455 3703 525 3768 deit,
547 3705 595 3752 wie
612 3703 636 3752 2.
653 3703 699 3767 32,
717 3703 746 3752 3:
835 3703 858 3753 3.
876 3705 923 3753 hoo
939 3720 1046 3769 quoque:
1069 3704 1131 3752 auch
1148 3702 1215 3765 dies,
1238 3705 1301 3753 auch
1393 3711 1397 3720 '

244 3769 334 3833 facere
346 3769 475 3820 meunt.
494 3771 531 3822 Da
544 3787 572 3822 er
584 3772 693 3834 sogleioh
701 3772 748 3822 mit
800 3771 883 3822 dieses
900 3772 992 3822 ebeuso
1005 3770 1168 3821 wuuderbare
1181 3771 1230 3819 und
1243 3786 1301 3822 vom

246 3837 294 3886 den
323 3839 531 3888 vorauseilenden
557 3837 659 3890 Reitern
689 3841 745 3890 aui·
801 3837 881 3889 Gliich
897 3840 1055 3904 abhiingende
1070 3838 1300 3902 Ercignisswurde

247 3902 329 3953 bricht
343 3905 485 3972 (proosectas
494 3923 543 3976 per
553 3907 614 3958 Ard
623 3904 698 3972 suaa),
711 3908 746 3958 ist
799 3922 846 3956 nur
862 3923 890 3956 so
906 3908 1022 3973 mdglich,
1044 3907 1102 3956 dass
1118 3934 1160 3956 -.
1179 3907 1259 3971 sors:
1278 3923 1299 3957 c.

249 3969 295 4020 der
305 3969 353 4023 lnf.
364 3972 436 4025 Pras.
449 3988 515 4037 ganz·
525 3991 564 4026 um
576 3973 632 4028 Ort.
800 3974 839 4040 14,
853 3975 876 4026 3.
889 4004 922 4013 -—
932 3978 1147 4045 propohqrcttotes:
1168 3973 1192 4024 4.
1211 3972 1252 4038 38,
1271 3975 1299 4026 2.·
1401 4017 1402 4028 t
