2776 4484
211 323 252 386 52
339 383 342 389 Ι
483 275 488 284 ¹
574 319 618 370 nn
637 319 744 371 BELLO
763 317 906 372 GALLICO

173 485 191 536 4
210 476 310 554 ltaque
324 491 388 533 rem
399 471 522 551 suscipit
529 479 564 552 ‚et
579 471 749 552 aSequanis
761 472 906 552 impetrat,
922 480 954 533 ut
968 473 1106 552 perfines
1118 493 1189 536 snos
1201 474 1278 536 Hel-

209 561 301 621 vetios
315 559 364 618 ire
378 557 535 636 patiantur,
556 557 730 636 obsidesque
744 557 787 619 uti
801 557 876 619 inter
890 576 955 618 sese
969 559 1052 631 dent,
1073 558 1199 638 perficit:
1217 559 1277 620 Se-

209 644 312 724 quani,
328 660 366 702 ne
380 642 482 726 itinere
496 641 642 702 Helvetios
657 641 843 721 prohibeant,
857 641 991 716 Helvetii,
1006 650 1039 704 ut
1051 643 1117 706 sine
1131 643 1277 706 maleficio

209 737 240 790 et
254 727 358 790 iniuria
374 734 531 788 transeant.
612 729 614 738 '
1080 793 1086 806 ‚

278 821 329 881 10.
356 810 471 872 Caesari
486 811 681 883 renuntiatur,
696 811 831 872 Helvetiis
846 830 911 872 esse
926 811 956 872 in
971 811 1083 886 animo,
1102 831 1279 892 peregrum

211 899 415 978 Sequanorum
434 904 462 955 et
480 895 668 956 Haeduorum
687 895 743 956 iter
761 895 792 954 in
813 895 978 957 Santonum
998 897 1071 958 lines
1088 897 1196 970 lacere,
1224 897 1278 976 qui

210 1002 272 1046 non
291 984 378 1059 longe
397 1000 413 1040 a
427 978 608 1040 Tolosatium
628 979 736 1041 linibus
755 980 875 1052 absunt,
895 999 968 1059 quae
983 981 1082 1042 civitas
1097 982 1186 1043 estin
1201 1001 1278 1061 pro-

103 1105 106 1114 =
173 1076 189 1126 2
210 1066 311 1128 uncia
339 1066 373 1125 ld
388 1063 414 1125 si
429 1062 523 1137 lieret,
544 1062 725 1142 intellegebat
744 1081 851 1143 magno
872 1083 939 1125 cum
958 1065 1087 1144 periculo
1108 1065 1279 1144 provinciae

212 1154 356 1222 futurum,
376 1155 410 1210 ut
428 1147 565 1208 homines
584 1147 754 1221 bellicosos,
773 1148 877 1228 populi
892 1149 1017 1210 Romani
1032 1150 1179 1222 inimicos,
1200 1149 1278 1214 locis

174 1249 189 1299 3
210 1234 376 1316 patentibus
397 1233 580 1310 maximeque
600 1233 795 1294 frumentariis
817 1233 958 1294 linitirnos
983 1234 1112 1295 haberet.
1153 1235 1198 1296 Ob
1226 1255 1277 1296 eas

210 1339 311 1382 causas
324 1319 349 1378 ei
361 1316 526 1390 munitioni,
542 1335 629 1395 quam
642 1318 756 1391 lecerat,
771 1317 803 1379 T.
816 1317 974 1378 Labienum
986 1319 1111 1396 legatum
1122 1319 1278 1398 praelecit;

209 1406 273 1485 ipse
292 1405 324 1464 in
343 1402 455 1463 ltaliam
474 1401 589 1479 magnis
609 1401 761 1463 itineribus
782 1403 931 1463 contendit
946 1403 1076 1480 duasque
1090 1404 1130 1463 ibi
1143 1404 1277 1482 legiones

211 1487 369 1550 conscribit
384 1495 413 1546 et
427 1493 497 1559 tres,
506 1505 584 1564 quae
600 1486 710 1547 circum
724 1487 883 1566 Aquileiam
897 1488 1076 1560 hiemabant,
1093 1505 1128 1548 ex
1142 1489 1277 1549 hibernis

111 1593 112 1596 ’
211 1574 307 1635 educit
326 1580 366 1645 et,
386 1589 443 1649 qua
462 1571 631 1650 proximum
651 1570 707 1631 iter
730 1573 761 1630 in
786 1571 954 1632 ulteriorem
974 1571 1092 1654 Galliam
1113 1591 1167 1650 per
1185 1573 1277 1652 Alpes

172 1668 190 1717 4
211 1666 279 1731 erat,
295 1656 422 1718 cumbis
438 1654 566 1734 quinque
580 1655 744 1732 legionibus
758 1656 802 1717 ire
817 1655 975 1716 contendit.
1011 1656 1053 1716 lbi
1069 1656 1230 1717 Ceutrones
1247 1666 1278 1718 et

210 1741 350 1803 Graioceli
365 1748 393 1800 et
408 1739 557 1817 Caturiges
573 1739 647 1800 locis
663 1740 865 1818 superioribus
882 1740 1030 1819 occupatis
1045 1739 1152 1802 itinere
1163 1742 1276 1803 exerci-

173 1839 188 1887 5
209 1836 272 1887 tum
297 1824 454 1904 prohibere
480 1831 631 1885 conantur.
673 1824 879 1903 Compluribus
905 1824 951 1884 his
978 1825 1097 1902 proeliis
1124 1825 1217 1904 pulsis
1238 1826 1276 1888 ab

211 1910 313 1982 Ocelo,
329 1908 409 1987 quod
424 1913 468 1966 est
483 1907 624 1968 citerioris
640 1909 805 1986 provinciae
821 1917 996 1981 extremum,
1015 1909 1045 1969 in
1064 1911 1137 1970 lines
1153 1912 1274 1972 Vocon-

208 1995 318 2056 tiorum
337 1991 483 2054 adterioris
503 1991 668 2070 provinciae
688 1992 734 2053 die
753 1993 879 2072 septimo
895 1993 1038 2071 pervenit,
1059 1993 1126 2054 inde
1141 1993 1171 2055 in
1186 1994 1272 2056 Allo·

245 2187 296 2246 10.
328 2195 350 2245 1.
371 2198 548 2246 renuntiatur:
563 2209 711 2260 ‘ausgesen-
766 2197 880 2246 standan.
910 2193 1202 2260 llieWinterquartiere
1216 2213 1271 2248 wa-

210 2265 268 2314 dete
280 2262 465 2313 liundscbalter
481 2264 606 2314 meldeten
623 2279 651 2313 es
667 2279 712 2312 zu-
766 2279 812 2313 ren
822 2263 976 2326 gewtilmlicb
987 2263 1055 2313 nicht
1064 2264 1089 2312 in
1099 2261 1270 2328 denStddten,

210 2332 285 2393 riick3
296 2335 397 2382 renuat.
408 2330 547 2396 iiberbaupt
555 2353 589 2374 ε
598 2331 622 2380 in
632 2330 711 2393 Fulge
766 2331 844 2380 daber
852 2330 1180 2400 mreaaraAqa.-duaaqae
1189 2331 1272 2395 legio-

210 2399 281 2449 eines
298 2397 418 2462 Austrags
434 2398 545 2461 melden,
559 2399 621 2448 oder
632 2405 712 2448 etwas
765 2398 1140 2448 acascomarcos-adaco.
1150 2399 1271 2451 VierLe-

209 2465 337 2517 Gebdrtes
362 2466 521 2529 (Gesebenes
539 2482 560 2515 c.
577 2465 623 2528 22,
641 2465 664 2514 4.
687 2466 711 2535 4,
767 2466 857 2528 gionen
869 2480 955 2515 waren
966 2467 1015 2514 ibm
1025 2481 1082 2515 vom
1092 2465 1184 2516 Senatt
1194 2467 1271 2517 iiber·
1338 2493 1340 2498 ·

208 2533 251 2597 21,
262 2534 290 2598 a)
302 2534 484 2597 wiedersagen,
497 2549 525 2583 so
535 2535 593 2584 dass
603 2549 633 2584 re
642 2533 712 2582 seina
767 2533 854 2596 geben,
868 2533 908 2582 die
921 2549 943 2582 c.
961 2534 985 2595 7,
1001 2533 1016 2582 2
1030 2535 1158 2584 erwiibnte
1171 2535 1219 2584 und
1230 2535 1271 2584 die

208 2603 356 2666 bedeutung
378 2601 472 2651 beb‘dlt.
509 2601 610 2664 (Vergl.
633 2604 713 2651 resci-
767 2599 782 2649 3
800 2601 825 2650 in
836 2601 953 2666 Aquileia
965 2602 1115 2664 stebenden,
1133 2602 1198 2651 zwei
1210 2602 1272 2652 bebt

208 2685 282 2721 arere
293 2693 328 2714 =
340 2678 433 2732 etwas,
446 2669 585 2718 besonders
597 2669 712 2719 beimlicb
766 2683 796 2718 er
815 2684 861 2718 ans
883 2668 987 2732 eigener
1004 2667 1273 2720 blacbtvollbommen·

209 2739 261 2787 und
275 2743 433 2788 unerwartet
451 2735 627 2786 Gescbebenes
648 2737 711 2787 wie·
766 2736 818 2786 beit
834 2751 893 2799 ans,
912 2752 939 2785 so
956 2738 1015 2785 dass
1032 2752 1061 2785 er
1077 2736 1157 2799 gleieb
1170 2737 1203 2786 im
1215 2735 1270 2787 An-

208 2805 373 2855 dererlnbren
386 2820 407 2853 c.
421 2803 461 2863 28,
477 2803 512 2865 1.)
765 2803 825 2866 lang
837 2805 881 2852 des
894 2801 985 2866 llriegs
998 2802 1013 2852 6
1027 2803 1154 2866 Legionen
1168 2805 1219 2856 bat.
1244 2803 1271 2854 S.

242 2887 294 2922 aon
311 2873 387 2936 longe
403 2885 420 2918 α
440 2868 599 2920 Tolosatium
611 2871 711 2934 finibus
765 2870 833 2920 Einl.
845 2869 908 2934 aar
922 2886 946 2918 u.
960 2869 1001 2919 28.

207 2942 310 2989 absunt.
334 2936 496 2990 Uebertreibt
507 2938 570 2985 aucb
581 2937 711 2988 vielleicbt
796 2941 948 3004 prosedamum
962 2941 1025 2987 iter:
1048 2937 1111 2988 iiber
1126 2939 1166 2988 die
1183 2938 1269 2990 Graii-

208 3005 236 3054 C.
249 3006 288 3054 die
303 3003 555 3056 Gelabrabsicbtlicb
568 3011 656 3067 etwas,
670 3005 710 3054 in·
765 3007 841 3055 seben
862 3004 942 3069 Alpen
962 3005 1012 3054 und
1033 3005 1081 3055 den
1105 3005 1207 3056 kleinen
1229 3007 1269 3058 St.

207 3074 264 3122 dem
281 3088 309 3122 er
327 3073 367 3122 die
385 3069 502 3120 Grenzen
524 3072 570 3120 der
586 3072 711 3122 Santones
764 3073 893 3122 bernhard
916 3072 966 3119 und
994 3073 1058 3120 dana
1088 3089 1136 3122 von
1164 3071 1270 3125 octium

205 3155 240 3190 an
257 3141 302 3189 der
320 3139 473 3189 Westlriistc
493 3155 542 3189 von
559 3138 710 3204 Aquitanien
765 3140 828 3189 iiber
844 3139 883 3188 die
900 3138 973 3202 Alpis
986 3138 1068 3189 Cottia
1080 3140 1173 3202 (lllont
1185 3140 1268 3193 Gend-

208 3207 374 3271 (Saintonge)
394 3208 440 3259 der
451 3206 526 3257 Prov.
539 3213 619 3258 etwas
632 3209 711 3256 nither
763 3207 825 3268 aaa)
843 3207 868 3254 in
880 3207 924 3255 das
937 3207 1089 3258 siidlistlicbe
1103 3207 1211 3273 Gallien,
1226 3211 1268 3260 die

207 3275 293 3336 riiekt,
315 3292 343 3325 so
364 3289 418 3325 war
438 3275 498 3324 doob
520 3275 648 3324 immerlin
669 3275 709 3324 die
756 3275 828 3341 fines
844 3273 874 3324 V
873 3273 1033 3324 ocoaatioaiim
1054 3275 1184 3327 ulterioris
1202 3293 1267 3345 pro·

206 3342 409 3405 Einwanderung
424 3341 467 3392 lde
482 3342 522 3392 die
539 3343 647 3392 Provinz
664 3342 709 3392 be·
763 3344 858 3391 ammae
873 3362 908 3382 =
924 3344 968 3406 qui
986 3346 1049 3392 sunt
1068 3345 1130 3393 oder
1145 3359 1209 3410 quae
1225 3350 1268 3396 est

206 3410 334 3474 denklicb,
357 3409 438 3460 zumal
455 3410 496 3459 bei
512 3411 558 3459 der
574 3409 709 3462 Unsicber-
763 3411 852 3459 ca‘aa'tas
864 3409 910 3458 ult.
940 3425 994 3460 roe.

205 3478 259 3527 beit
271 3479 317 3528 der
329 3478 458 3529 Grenzeo:
476 3477 537 3528 locis
547 3479 709 3544 patentibus:
796 3477 820 3526 5.
839 3491 911 3544 comp
921 3480 1011 3528 matus
1028 3479 1068 3529 laia
1085 3479 1191 3546 procla'a'a
1207 3481 1266 3548 pel-

205 3546 293 3595 weder
310 3547 386 3596 durch
399 3546 479 3607 Berge
497 3546 559 3594 nocb
571 3545 647 3594 dnreb
660 3544 708 3593 Be-
761 3547 806 3594 sia.
827 3543 995 3608 Dcrgleicben
1005 3544 1265 3598 Zusnmmeostellun-

205 3612 365 3677 lestigungen
377 3613 518 3676 gescbiitzt
761 3627 809 3675 gen
822 3612 933 3674 gleicber
943 3612 1023 3663 Casus
1040 3629 1089 3663 von
1101 3615 1265 3666 verschiede·

241 3679 264 3731 3.
281 3685 308 3731 in
336 3681 449 3732 tradam.-
481 3680 527 3729 das
560 3677 707 3741 diesseitigo
761 3694 808 3728 ner
827 3680 971 3744 beziebuug
990 3682 1049 3730 sebi·
1069 3681 1153 3745 blinfig
1173 3681 1214 3733 bei
1235 3682 1264 3733 C.

205 3745 485 3810 Gallien,0beritalien,
494 3748 708 3813 eitemorproaa'n·
763 3746 790 3797 S.
803 3763 836 3797 zu
854 3746 879 3797 3.
892 3746 916 3811 6,
929 3746 957 3796 3:
970 3763 999 3797 co
1017 3749 1132 3813 a'absuaa‘s
1146 3753 1265 3801 armia-

205 3816 246 3863 oa‘a
257 3813 274 3879 5
287 3816 311 3865 5.
322 3815 436 3880 Aquileia
445 3827 499 3864 war
508 3814 579 3864 stark
587 3811 708 3876 belestigt
761 3832 809 3881 que
825 3819 920 3866 ambs.
938 3815 988 3864 ‘tl
1007 3813 1055 3880 ,22
1074 3819 1171 3867 mancis
1187 3821 1266 3870 arbo·

205 3896 287 3944 gagen
299 3882 442 3933 dieGallicr
452 3883 503 3932 und
515 3881 624 3948 Illyrios,
638 3897 705 3931 was·
762 3897 822 3933 rum
831 3881 1063 3947 admodmnfirmis
1075 3886 1156 3934 rancia
1165 3887 1265 3938 alaeu-

205 3962 295 4012 wegen
316 3951 378 4000 auch
399 3949 479 4013 einige
500 3949 628 4014 Legionen
649 3949 708 3999 dort
760 3951 1116 4018 saa-extraprudenter».
1138 3949 1263 4004 Wenner
