2828 4480
579 333 758 390 vim-n.
1130 337 1192 400 255

144 461 429 568 consequendiillate
444 489 657 570 etque'infinito
671 489 771 551 labore
785 489 1193 569 suscepto,*qui·sesummem

51 607 53 614 ,
143 574 180 634 eb
196 573 316 635 Caesare
329 575 448 652 gratiam
462 575 586 637 inituros
601 583 747 653 putarent,
762 591 853 654 poene
868 582 1000 635 naturum
1015 574 1111 634 studio
1123 574 1193 634 ‘rin-
1279 582 1281 590 ’

139 666 254 731 cerent,
278 677 449 739 semperque
468 660 586 738 paulum
606 659 640 720 ad
653 677 806 720 summum
824 658 985 720 felicitatem
1004 659 1131 719 defuisse
1148 659 1192 719 ri-

104 747 105 754 ’
143 744 270 816 deretur,
291 751 376 822 atque
394 743 439 804 ille
457 745 572 804 latebris
590 752 641 822 cut
660 743 778 804 saltibus
798 761 830 804 se
848 744 971 821 eriperet
989 750 1016 803 et
1035 750 1125 803 noctu
1141 762 1192 804 oo-
1212 757 1228 807 6

142 829 265 888 cultatus
291 828 360 888 alies
385 823 518 906 regiones
544 836 698 908 partesque
721 836 831 910 peteret
854 845 915 888 non
937 827 1047 889 meiere
1064 827 1193 906 equitum

141 912 286 992 praesidio
307 930 393 991 quarn
412 921 560 992 quattuor,
581 913 686 992 quibus
712 912 783 973 solis
802 913 890 972 vitam
911 931 993 974 suem
1014 912 1193 974 committere

142 997 273 1059 audebat.

229 1089 281 1148 44.
313 1082 375 1143 'leli
394 1083 483 1142 modo
504 1081 621 1142 vastatis
640 1082 807 1162 regionibus
827 1081 982 1143 exercitum
998 1079 1102 1142 Caesar
1121 1081 1194 1141 due·

141 1183 207 1227 rum
229 1166 392 1228 cohortium
413 1167 518 1227 domno
538 1167 770 1228 Durocortorum
788 1168 948 1228 Remorum
972 1166 1095 1240 reducit,
1122 1183 1193 1226 con-

143 1251 267 1330 cilioque
287 1251 317 1310 in
336 1270 403 1312 eum
422 1252 520 1312 locum
535 1246 640 1312 Galliae
655 1252 763 1313 indicto
779 1252 815 1312 de
830 1251 1027 1312 coniuratione
1043 1252 1193 1312 Senonum

141 1344 170 1397 et
195 1335 353 1396 Carnulum
378 1336 575 1414 quaestionem
599 1336 705 1397 hebere
729 1336 865 1408 instituit,
890 1344 918 1396 et
937 1336 972 1395 de
990 1336 1118 1409 Accone,
1145 1336 1228 1414 qui2

141 1421 277 1500 princeps
292 1421 353 1481 eius
369 1421 481 1482 consilii
495 1421 597 1492 luerat,
613 1421 742 1499 graviore
757 1421 897 1481 sententie
912 1421 1096 1498 pronuntiatu
1111 1439 1193 1480 more

140 1505 285 1566 maiorum
300 1505 475 1584 supplicium
489 1505 624 1582 sumpsit.
656 1505 792 1565 Nonnulli
807 1505 945 1565 iudicium
958 1504 1040 1564 veriti
1054 1506 1192 1583 profuge·
1213 1513 1229 1562 3

140 1598 218 1652 runt.
253 1590 364 1663 Quibus
385 1607 451 1649 cum
471 1607 545 1668 aqua
564 1591 649 1668 utque
667 1589 726 1668 igni
745 1588 951 1661 interdixisset,
975 1589 1046 1649 dues
1064 1589 1192 1668 legiones

141 1677 178 1737 cd
198 1677 270 1735 fines
289 1675 494 1747 Treverorum,
520 1674 591 1734 duas
610 1673 642 1734 in
660 1673 852 1752 Lingonibus,
878 1693 928 1734 sex
947 1673 1070 1752 reliquas
1089 1673 1119 1733 in
1139 1674 1193 1734 Se-

140 1777 255 1820 nonum
274 1759 380 1819 sruibus
395 1758 512 1836 Agedici
530 1759 561 1818 in
580 1757 709 1820 hibernis
729 1757 876 1819 collocarit
894 1759 1097 1837 frumentoque
1110 1777 1193 1818 exer-

141 1843 210 1905 citui
226 1843 354 1921 proviso,
368 1850 401 1903 ut
414 1841 585 1917 instituerat,
601 1843 630 1903 in
645 1843 754 1904 ltaliam
769 1844 804 1904 ad
817 1851 975 1904 conventus
985 1843 1112 1921 agendos
1122 1862 1193 1922 pro-

142 1927 236 1989 fectus
250 1934 301 1988 est.

66 2109 68 2114 '
142 2101 265 2148 naturum
292 2099 325 2146 sl.
354 2071 494 2146 vincereris:
522 2095 577 2146 fasc
602 2097 641 2146 die
695 2125 729 2133 -
749 2113 789 2162 qo.
811 2097 835 2146 d.
856 2100 936 2147 instit.
962 2095 1046 2148 lleber
1063 2089 1193 2148 dicSuche

145 2164 262 2216 Grenrreu
286 2165 331 2214 der
355 2164 536 2214 menschlichen
560 2163 642 2214 Nutur
695 2165 776 2228 vergl.
791 2163 888 2214 obenc.
902 2165 926 2214 4.

142 2231 339 2295 ubersobritten,
363 2229 413 2282 last
431 2232 642 2282 iibermenscblioh
730 2231 754 2282 2.
782 2249 855 2283 more
876 2235 1004 2284 mucram
1024 2232 1106 2302 suppl.
1127 2249 1194 2284 suin.

143 2303 197 2350 sich
217 2307 388 2363 unstrengtcn.
408 2328 444 2336 —
462 2300 498 2349 ud
515 2315 642 2350 sumntum
695 2299 782 2363 Vergl.
799 2301 862 2350 iiber
877 2302 945 2350 dicse
962 2316 1101 2364 gressum,
1113 2301 1193 2350 altrd-

134 2369 304 2436 selicitatem:
325 2369 372 2417 deu
389 2366 517 2417 Ambiorix
537 2384 569 2417 zu
586 2366 642 2416 lun·
696 2367 787 2416 mische
814 2369 895 2425 (more
916 2371 1051 2433 modorum)
1077 2368 1126 2417 Art
1149 2368 1195 2417 dcr

144 2453 201 2500 gen.
695 2435 858 2498 llinricbtuug
870 2435 893 2485 8.
908 2435 940 2484 38
952 2451 975 2484 u.
988 2436 1018 2485 Ε.

178 2496 266 2555 44.1.
285 2503 391 2553 domno:
402 2503 447 2552 mit
458 2491 571 2564 Verlust,
584 2503 642 2556 der·
730 2501 755 2550 3.
780 2507 811 2552 ot
828 2505 990 2553 metituerot:
1009 2507 1040 2554 ut
1056 2505 1194 2619 guotaunic

144 2572 214 2622 sclbe
226 2571 309 2622 nolet.
328 2572 375 2620 wie
392 2575 455 2637 reip.
473 2570 603 2620 comniodo
619 2570 640 2618 1.
688 2571 967 2636 succrecensuerotb,
979 2571 1000 2633 1,
1015 2570 1037 2619 1.
1076 2608 1081 2618 .
1096 2586 1117 2619 c.
1132 2570 1155 2633 3,
1168 2569 1192 2618 4.

144 2639 220 2715 3524.
240 2640 264 2689 5.
277 2638 318 2704 46,
331 2639 355 2688 4.
372 2667 407 2675 -—
423 2640 458 2689 de
470 2640 643 2688 coniuratione
695 2664 730 2673 —-
741 2635 922 2688 adsumentes
934 2638 1048 2702 agendos
1062 2639 1084 2687 1.
1098 2637 1138 2702 54,
1152 2637 1176 2687 3.
