2816 4468
596 315 650 370 vll.
669 316 788 366 41-50,

1153 318 1217 382 293

158 469 262 532 bostes¹
274 468 511 548 insequerentur,
529 465 658 530 terreret.
693 469 760 550 lpse
774 467 895 550 paulum
910 489 944 530 ex
959 489 994 530 co
1009 471 1074 530 loco
1091 489 1159 532 cum
1173 471 1215 534 le·
1237 482 1253 534 3

154 555 246 632 ’pone
260 571 447 633 progressus,
461 552 511 612 ubi
527 553 710 627 constiterat,
726 562 860 616 eventum
875 568 990 632 pugnae
1005 556 1195 632 exspectabat.

151 685 154 690 a
245 646 297 704 50.
326 638 400 698 Cum
419 637 558 698 acerrime
579 638 744 699 cornminus
765 647 957 718 pugnaretur,
981 640 1082 700 hostes
1103 640 1168 700 loco
1190 647 1219 701 et
1316 673 1317 678 ι

156 740 292 798 numero,
306 722 401 783 nostri
416 723 520 782 virtute
531 722 718 796 confiderent,
735 723 831 784 subito
848 733 917 785 sunt
931 723 1041 784 Haedui
1056 723 1111 784 visi
1126 724 1161 784 ab
1175 725 1218 784 la-

155 815 218 870 tere
232 806 345 869 nostris
360 819 470 886 aperto,
485 826 559 885 quos
570 807 675 868 Caesar
689 807 725 868 ab
740 809 840 870 dextra
852 816 934 888 parte
948 808 1003 868 alio
1015 827 1139 870 ascensu
1153 827 1218 870 ma-

156 910 216 954 nus
236 893 414 953 distinendae
435 910 521 952 causa
539 892 665 953 miserat.
700 892 737 952 Hi
753 893 940 954 similitudine
959 912 1110 954 armorum
1129 894 1217 953 vehe—
1238 903 1254 952 2

151 984 272 1037 menter
285 985 406 1038 nostros
420 984 646 1054 perterruerunt,
661 996 696 1038 ac
706 977 821 1038 tametsi
833 978 941 1039 dextris
953 979 1084 1039 humeris
1096 978 1231 1038 exsertis'

157 1062 468 1135 animadvertebantur,
485 1062 563 1140 quod
578 1063 692 1140 insigne
707 1071 843 1141 pacatum
856 1081 923 1122 esse
940 1071 1103 1136 consuerat,
1118 1071 1216 1124 tamen

90 1142 96 1148 ’
156 1146 187 1206 id
203 1147 302 1225 ipsum
317 1147 363 1207 sui
377 1146 494 1207 fallendi
509 1165 595 1207 cansa
609 1147 714 1208 milites
735 1147 770 1207 ab
785 1147 926 1208 hostibus
941 1148 1050 1209 lactum
1069 1148 1218 1208 existima-

96 1279 99 1284 .
156 1231 237 1292 bant.
269 1231 381 1292 Eodem
400 1239 533 1310 tempore
546 1232 579 1292 L.
591 1232 697 1292 Fabius
714 1232 843 1292 centurio
860 1233 966 1311 quique
980 1251 1037 1294 nna
1052 1250 1170 1293 murum
1186 1240 1255 1292 a·3

158 1315 332 1376 scenderant
357 1315 546 1376 circumventi
572 1325 657 1394 atque
675 1317 817 1376 interiecti
835 1336 921 1376 muro
946 1317 1217 1396 praecipitabantur.

157 1401 195 1461 Μ.
211 1399 379 1473 Petronius,
404 1400 535 1461 eiusdem
560 1400 683 1478 legionis
710 1401 854 1474 centurio,
881 1420 947 1461 cum
967 1409 1067 1478 portas
1088 1401 1256 1462 excideret

159 1493 280 1546 conatus
301 1493 390 1557 esset,
409 1476 627 1544 imultitndinc
648 1503 809 1562 oppressus
829 1504 862 1562 ac
877 1485 932 1545 sibi
947 1485 1105 1562 desperans
1119 1483 1218 1566 multis

156 1569 215 1630 iam
227 1569 393 1630 vulneribus
405 1569 530 1647 acceptis
542 1568 770 1646 manipularibus
782 1569 852 1642 suis,
869 1567 918 1648 qui
929 1568 1010 1630 illum
1021 1569 1112 1629 secuti
1123 1574 1218 1628 erant:
1236 1597 1239 1604 ·
1300 1641 1305 1650 ἱ

158 1654 319 1726 Quoniam,
334 1652 442 1732 inquit,
456 1672 504 1712 me
518 1670 577 1713 una
590 1653 742 1714 vobiscum
757 1673 869 1714 servare
884 1671 946 1713 non
960 1671 1093 1732 possum,
1107 1661 1219 1713 vestrae

157 1739 276 1817 quidem
295 1745 372 1797 certe
389 1737 462 1797 vitae
483 1737 675 1816 prospiciam,
695 1757 770 1817 quos
786 1738 941 1816 cupiditate
956 1737 1062 1815 gloriae
1076 1738 1218 1798 adductus

156 1823 189 1882 in
204 1821 365 1901 periculum
379 1821 492 1882 deduxi.
516 1823 575 1882 Vos
591 1823 655 1882 data
671 1823 801 1884 facultate
814 1823 897 1884 vobis
910 1823 1059 1883 consnbte.
1083 1822 1176 1882 Simul
1187 1822 1217 1882 in
1238 1834 1253 1883 5

156 1907 273 1979 medios
288 1907 388 1966 hostes
402 1905 507 1985 irrupit
522 1906 694 1986 duobusque
708 1907 864 1969 interiectis
879 1908 1008 1987 reliquos
1020 1929 1036 1968 a
1047 1915 1131 1986 porta
1143 1927 1217 1987 pau-

155 1991 219 2052 lnm
235 1990 388 2051 submovit.
427 1991 604 2052 Conantibus
621 1991 749 2053 auxiliari
765 1994 848 2066 suisa
867 1994 1000 2067 Frustra,
1015 1993 1121 2072 inquit,
1136 2009 1218 2055 meae
1238 2001 1254 2050 6

155 2072 230 2136 vitae
250 2075 401 2136 subvenire
423 2076 581 2150 conamini,
601 2095 688 2159 quem
707 2077 765 2137 iam
785 2079 903 2158 sangnis
923 2078 1056 2158 viresque
1071 2077 1217 2138 deliciunt.

157 2159 285 2221 Proinde
299 2161 385 2234 abite,
400 2161 471 2220 dum
486 2168 530 2222 est
545 2162 673 2237 facultas,
687 2181 799 2241 vosque
813 2164 848 2224 ad
864 2163 1008 2241 legionem
1022 2162 1150 2242 recipite.
1176 2163 1218 2222 lta

156 2263 292 2326 pugnans
303 2252 373 2324 post
386 2245 506 2324 paulum
522 2247 648 2308 concidit
662 2267 696 2308 ac
710 2247 771 2308 suis
787 2248 874 2308 saluti
889 2248 952 2309 suit.

192 2387 245 2447 49.
269 2395 293 2446 3.
315 2397 331 2446 I
346 2415 375 2448 ss
391 2425 424 2434 -
437 2412 610 2464 progressas,
628 2415 661 2448 zu
715 2399 771 2448 dom
783 2360 838 2447 man
853 2398 976 2460 erkennt,
992 2397 1050 2446 dass
1064 2397 1100 2446 sie
1114 2399 1181 2447 nicht
1193 2397 1218 2446 in

158 2465 303 2514 demselbcn
337 2465 437 2526 wecke3
456 2480 477 2514 s.
490 2481 511 2514 e.
524 2464 564 2527 51,
580 2465 605 2513 1;
621 2467 661 2514 in·
714 2464 975 2514 feindlielierAbsiebt
987 2463 1109 2514 kommen.
1130 2464 1218 2526 Vergl.

157 2537 292 2598 sequentes
311 2531 395 2583 Gallos
411 2531 477 2596 legio
494 2531 591 2582 decima
607 2536 662 2582 tar·
712 2533 779 2581 wird
796 2531 847 2582 Cic.
860 2549 884 2598 p.
897 2532 970 2582 Sext.
986 2529 1033 2592 43,
1051 2530 1095 2580 93:
1112 2533 1219 2591 haurire

157 2599 236 2651 dasii.

192 2659 246 2718 51).
261 2667 283 2717 1.
294 2668 382 2718 hostes
390 2667 660 2732 -confiderentwei-

155 2742 214 2786 tere
226 2734 388 2798 Ansi'ribrnng
402 2736 446 2784 des
458 2738 582 2784 acerrime
593 2749 661 2784 com·

156 2806 244 2853 meiius
257 2807 434 2870 pagararetar,
455 2803 532 2852 daber
549 2802 659 2868 asynde·

156 2871 222 2920 tiscb
238 2869 368 2934 beigeliigt
384 2872 419 2932 (s.
436 2869 461 2919 4.
474 2869 516 2934 21,
530 2869 572 2933 1),
589 2870 660 2919 wib-

157 2938 221 2988 rend
239 2941 265 2987 ei
280 2939 366 2988 diesen
380 2937 517 2989 Gedanken
529 2938 567 2988 als
575 2945 659 2988 etwas

155 3005 256 3069 Neues,
277 3005 319 3056 liir
339 3007 391 3056 sieb
412 3022 445 3055 za
463 3006 659 3060 Retracbtcndes

74 3106 78 3120 ι
157 3073 311 3137 binzul'rigte.
335 3072 379 3111 -’
392 3077 424 3124 ab
452 3073 533 3124 latere
560 3076 659 3124 nostras

158 3144 248 3210 aperio
269 3163 304 3186 ==
323 3141 354 3192 ab
375 3156 406 3191 ea
425 3149 509 3206 parte,
530 3141 572 3191 nbi
592 3142 659 3190 latus

158 3209 253 3258 nostris
267 3215 381 3274 apertum
398 3215 467 3270 erat3
490 3225 511 3258 s.
530 3209 553 3258 1.
570 3207 616 3271 25,
633 3207 658 3258 6.

157 3275 209 3326 Das
219 3275 336 3339 folgende
346 3291 409 3341 qaas
420 3274 446 3324 C.
455 3278 487 3325 ab
496 3275 591 3326 dasiro
597 3291 660 3342 par·

155 3347 185 3394 -ts
194 3347 305 3394 adserat
317 3342 412 3406 (vergl.
425 3358 447 3391 c.
459 3343 505 3406 45,
525 3343 569 3406 10)
583 3344 659 3406 zeigt,

157 3409 254 3460 welche
275 3409 371 3460 Flanke
395 3410 449 3460 bier
469 3425 502 3458 zu
524 3412 660 3459 versteben

158 3478 202 3527 ist.
213 3503 249 3513 -
258 3491 352 3528 manos
364 3477 470 3526 nimlicb
482 3478 610 3535 bostiam
621 3493 662 3526 nm

158 3545 208 3595 don
227 3543 308 3595 Fcind
327 3545 390 3595 anab
410 3546 469 3595 dort
491 3561 522 3594 ιιι
545 3544 662 3595 bescbiif-

158 3613 237 3677 tigeri.

194 3680 218 3732 2.
240 3679 342 3732 destris
362 3681 431 3731 bam.
453 3683 565 3731 assertis
590 3679 660 3742 (ent-

77 3760 81 3767 “
158 3749 241 3814 blist)
254 3748 530 3800 mosaicortctmiar.
548 3747 660 3796 DerAb-

158 3817 223 3868 lativ
239 3818 285 3868 der
304 3815 468 3880 Eigenscbalt
488 3817 513 3865 in
533 3815 662 3864 iibnlicber

159 3884 249 3935 Weise
261 3885 310 3935 wie
324 3885 347 3934 1.
360 3883 401 3947 28,
415 3884 440 3932 5.
452 3911 492 3936 -,
502 3886 605 3947 insigne
613 3897 662 3950 pa·

160 3956 258 4038 cotum:
275 3954 315 4004 ein
332 3951 479 4003 friedliebes'
488 3951 612 4015 Zcieben,
628 3965 661 4000 sn

714 2599 826 2666 quotidie
838 2616 872 2650 aa
880 2601 1055 2666 pacatissimis
1066 2603 1143 2664 atque
1155 2615 1169 2649 o
1187 2615 1218 2650 ιι-

714 2667 864 2718 lectissimis
879 2665 971 2733 Syriae
985 2669 1071 2730 gazis,
1094 2666 1143 2715 und
1182 2666 1218 2716 iv.
1320 2691 1327 2703 ·

715 2734 756 2784 21.
769 2734 814 2784 20:
830 2733 876 2784 neo
887 2733 1012 2801 hospitale
1024 2733 1160 2799 quidquam
1170 2749 1218 2800 pa-

713 2806 829 2918 caiomge
841 2801 967 2852 auditam.
984 2827 1019 2840 --
1041 2804 1083 2852 sai
1093 2801 1216 2867 fallendi.

714 2870 739 2920 S.
752 2887 785 2919 zu
814 2870 848 2920 .6
873 2870 895 2920 1.

747 2938 772 2987 4.
791 2940 842 2988 siti
850 2907 1000 3006 desperans.
1026 2936 1060 2986 So
1073 2937 1177 2987 braucbt
1189 2933 1217 2986 C.

713 3005 852 3074 desperaro
863 3006 909 3056 mit
920 3005 978 3055 Dat.
994 3021 1042 3054 nar
1059 3007 1121 3054 noch
1139 3004 1162 3054 3.
1177 3003 1218 3068 12,

714 3073 741 3122 3:
755 3077 809 3124 sais
818 3075 943 3140 fortunis
956 3073 1027 3140 desp.
1048 3072 1118 3123 Aucb
1128 3072 1217 3122 Cicero

713 3142 866 3192 besebr'anlxt
877 3141 922 3192 mit
933 3141 1049 3204 wenigen
1058 3140 1218 3190 Ausaabmen

714 3210 783 3260 diese
820 3208 997 3260 construction
1031 3207 1076 3257 aul
1106 3206 1217 3258 dissolbe

714 3272 861 3340 Wendnng:
872 3279 921 3327 sibi
929 3291 967 3341 pr.
977 3273 1076 3324 Muren.
1087 3269 1129 3338 21,
1138 3277 1217 3325 rebus

714 3348 769 3395 sois
790 3343 816 3393 in
828 3343 912 3394 Pison.
935 3341 981 3401 36,
1000 3341 1081 3392 saluti
1099 3357 1162 3392 sune
1177 3355 1216 3404 pr.

715 3411 813 3462 Cluent.
832 3410 873 3459 2-5.
892 3408 997 3476 (oppido
1014 3408 1038 3455 in
1051 3408 1102 3458 Pis.
1115 3406 1172 3470 34).
1183 3433 1218 3442 -—

715 3477 816 3544 quidem
830 3480 913 3527 certe.-
933 3475 1087 3536 wenigstens
1109 3474 1216 3538 gewiss3

716 3544 816 3612 quidem
837 3545 891 3606 legt
915 3543 988 3592 einen
1008 3540 1157 3591 Nacbdrnck
1176 3541 1222 3591 anf

713 3616 823 3674 restrae,
833 3615 902 3662 certe
911 3609 1219 3672 dientzanelrriiltigung

714 3682 759 3731 des
773 3677 910 3742 Gesagten.

749 3746 774 3798 6.
789 3751 852 3815 post
861 3745 975 3814 paulam.
1001 3744 1035 3794 So
1052 3759 1100 3792 nur
1111 3745 1166 3796 bier
1177 3743 1219 3794 bei

715 3814 883 3880 cns„‚htufig
894 3814 936 3863 bei
948 3811 1115 3878 Quinctilium
1132 3829 1164 3862 an
1176 3827 1218 3861 er·
1321 3845 1326 3851 -

715 3883 806 3934 ldiircn
821 3883 869 3932 wie
887 3880 910 3931 6.
929 3867 958 3945 2,
976 3879 991 3928 3
1007 3879 1112 3948 paulam
1129 3895 1217 3949 supra,

715 3952 766 4002 und
778 3951 896 4012 Stellnng
906 3948 957 3998 wie
970 3948 1011 4014 60,
1028 3947 1045 4000 4
1054 3953 1117 4016 post
1124 3947 1220 4018 paulos
