2828 4480
553 337 597 390 vr.
615 337 735 405 roffae.
863 360 865 365 ·
1108 339 1171 401 243
1297 406 1305 416 ἢ

117 491 240 562 arbores
250 511 305 570 pro
317 491 473 572 cubilibus:
488 491 525 552 ad
538 511 587 552 eas
603 511 635 552 se
648 491 792 570 applicant
806 497 891 570 atquc
902 491 940 552 ita
952 491 1070 569 paulum
1080 493 1171 552 modo

118 577 270 638 reclinatae
285 578 409 656 quietem
424 577 547 655 capiunt.
575 576 704 648 Quarum
719 595 754 636 ex
764 577 894 654 vesogiis.
905 595 972 637 cum
987 577 1171 638 estanimad
1192 583 1208 632 4

117 681 236 726 versum
250 681 267 722 a
281 662 472 736 venatoribus,
488 680 545 740 quo
561 680 592 722 so
606 661 733 738 recipere
748 661 922 733 consuerint,
938 679 1041 722 omnes
1056 679 1090 722 eo
1106 662 1171 721 loco

118 755 169 808 aut
182 747 218 806 ab
229 747 373 808 radicibus
384 747 527 807 subruunt
541 753 590 806 aut
601 746 731 806 accidunt
744 745 872 820 arbores,
887 753 999 806 tantum
1013 753 1046 806 ut
1056 763 1172 806 summa

119 832 231 910 species
250 851 349 903 carum
368 831 506 892 stantium
524 831 708 910 relinquatur.
747 831 812 891 Huc
829 850 895 891 oum
914 850 946 891 se
965 831 1172 892 consuetudine
1193 839 1208 888 5

118 917 337 989 reclinaverunt,
357 917 486 978 infirmas
501 915 622 976 arbores
635 916 764 994 pondere
779 916 910 994 affligunt
922 924 1007 995 atque
1021 934 1078 976 una
1092 916 1173 994 ipsae

118 1001 281 1065 concidunt.
763 1038 766 1052 ·

203 1093 255 1154 28.
284 1086 413 1146 Tertium
429 1093 473 1146 est
483 1104 573 1164 genus
588 1104 698 1160 eorum,
714 1085 822 1164 quiuri
834 1086 1021 1164 appellantur.
1054 1085 1091 1145 lli
1106 1092 1174 1145 sunt

119 1171 315 1250 magnitudine
339 1171 424 1250 paulo
445 1171 518 1230 inlra
537 1171 717 1249 elephantoS,
744 1171 839 1248 specie
864 1178 893 1232 et
919 1171 1015 1231 colore
1035 1177 1063 1230 et
1081 1170 1173 1249 figura

118 1257 202 1318 tauri.
229 1257 329 1336 Magna
344 1256 386 1315 vis
402 1275 504 1316 eorum
519 1263 563 1316 est
577 1264 605 1316 et
615 1273 719 1333 magna
733 1255 875 1328 velocitas,
889 1273 982 1334 neque
993 1254 1105 1316 bomini
1119 1273 1172 1316 ne·
1193 1266 1208 1316 2

118 1359 175 1421 que
194 1343 283 1412 serae,
308 1360 395 1420 quam
416 1348 640 1419 conspexerunt,
665 1348 796 1418 parcunt.
838 1340 900 1400 llos
926 1340 1056 1400 studiose
1081 1340 1171 1400 loreis
1209 1376 1213 1382 -

119 1433 220 1503 captos
236 1425 416 1486 interficiunt.
449 1425 513 1485 Hoc
527 1445 559 1486 se
573 1424 670 1485 labore
685 1425 791 1484 durant
805 1424 999 1485 adulescentes
1015 1432 1100 1503 atque
1114 1425 1171 1484 boc
1192 1427 1207 1476 3

80 1546 84 1554 »
120 1528 224 1588 genere
242 1510 399 1570 venationis
419 1516 564 1583 exercent,
583 1516 611 1569 et
630 1508 679 1588 qui
693 1509 835 1587 plurimos
851 1510 945 1569 erbis
960 1509 1172 1583 interfecerunt,

104 1595 215 1660 relatis
226 1595 256 1655 in
267 1595 414 1674 pubbcum
426 1594 571 1666 cornibus,
586 1613 657 1672 quae
669 1593 727 1654 sint
738 1593 915 1668 testimonio,
930 1612 1066 1671 magnam
1078 1595 1173 1654 lerunt

118 1680 241 1740 laudem.
281 1679 338 1740 Sed
357 1697 522 1740 assuescere
540 1679 576 1738 ad
593 1679 729 1754 homines
748 1686 777 1738 et
802 1678 985 1739 mansuefieri
1009 1697 1045 1738 ne
1063 1678 1173 1756 parvuli
1193 1688 1209 1738 4

120 1764 236 1844 quidem
251 1764 361 1842 excepti
375 1770 507 1843 possunt.
540 1763 708 1841 Amplitudo
720 1781 862 1823 cornuum
877 1772 906 1824 ct
917 1765 1007 1842 ligura
1023 1771 1051 1824 ct
1062 1763 1172 1842 species
1185 1758 1209 1822 λ5

118 1850 242 1909 multum
262 1856 462 1909 anostrorum
476 1848 566 1908 boum
581 1847 718 1908 cornibus
735 1848 837 1910 differt
864 1849 941 1909 llaec
956 1848 1085 1908 studiose
1101 1866 1172 1908 con·
1193 1853 1209 1906 6

119 1934 223 2012 quisita
240 1933 274 1993 ab
286 1933 372 1994 labris
384 1941 503 2011 argento
516 1932 743 1994 circcuncludunt
757 1941 842 2012 atque
856 1934 887 1993 in
901 1933 1088 2012 amplissimis
1101 1952 1173 2011 epu-

119 2019 153 2078 lis
168 2038 224 2097 pro
237 2018 351 2096 poculis
366 2026 495 2079 utuntur.

204 2107 257 2169 29.
294 2102 410 2177 Caesar,
435 2111 592 2182 postquam
617 2121 669 2180 per
693 2103 783 2163 Ubios
809 2103 1006 2182 exploratores
1033 2103 1175 2183 comperit
1211 2110 1213 2121 '
1261 2156 1263 2162 .

119 2187 233 2249 Suebos
248 2207 312 2248 sese
326 2188 356 2248 in
371 2188 454 2248 silvas
469 2188 625 2266 recepisse,
646 2187 775 2266 inopiam
795 2188 932 2248 frumenti
947 2189 1067 2261 veritus,
1088 2187 1174 2267 quod,
1274 2266 1276 2272 Ι

118 2277 152 2329 ut
171 2283 260 2346 supra
279 2273 552 2346 demonstravimus,
574 2272 694 2332 minime
713 2291 814 2332 omnes
831 2273 967 2334 Germani
985 2273 1174 2350 agriculturae

110 2354 250 2426 student,
266 2355 413 2416 constituit
427 2357 637 2435 nonprogredi
651 2357 780 2434 longius3
799 2357 863 2430 sed,
878 2376 914 2417 ne
930 2359 1049 2417 omnino
1063 2365 1173 2416 metum
1194 2367 1210 2416 2

119 2439 229 2499 reditus
245 2439 289 2499 sui
308 2438 436 2499 barbaris
451 2441 562 2501 tolleret
580 2449 664 2519 atque
683 2449 716 2502 ut
734 2444 836 2501 eor‘um
851 2442 952 2501 auxilia
966 2441 1103 2513 tardaret,
1123 2460 1173 2500 re-

119 2523 207 2584 ducto
222 2524 346 2585 exercitu
360 2532 473 2602 partem
487 2525 616 2586 ultimam
630 2526 744 2604 pontis,
765 2545 838 2604 quae
851 2526 929 2603 ripas
945 2526 1086 2586 Ubiorum
1101 2543 1174 2584 con·

119 2707 178 2744 curn
199 2696 240 2741 est
260 2691 466 2743 monadorum
489 2694 538 2742 und
561 2693 575 2757 ξ
593 2693 620 2742 5:
674 2709 732 2744 sere
744 2693 928 2756 Erscbcinung,
941 2692 1070 2756 Ansebcn,
1088 2689 1175 2754 εἶδος

120 2775 179 2810 cum
195 2776 223 2808 se
241 2759 426 2810 reclinaverunt
439 2776 459 2810 s.
471 2760 496 2810 4.
512 2760 538 2823 1,
552 2760 575 2809 5.
587 2789 622 2796 -
667 2763 773 2828 figura,
787 2762 889 2830 σχῆμα,
903 2760 1015 2824 Gestalt‚
1033 2761 1137 2822 Bildung
1148 2776 1173 2809 u.

120 2831 221 2891 crugero
243 2844 300 2877 scre
322 2832 368 2877 aut
394 2828 539 2880 sublevare.-
568 2829 619 2878 sich
675 2827 1074 2893 Gestaltungdeslldrpcrsnacb
1087 2829 1174 2877 sciren

121 2894 260 2945 uolricbten
286 2896 357 2953 (dass
379 2897 416 2944 sie
437 2898 538 2960 steben)
560 2897 622 2945 oder
675 2897 815 2959 Umrisscn,
840 2898 917 2948 durch
939 2897 978 2951 die
1003 2912 1032 2946 er
1055 2896 1111 2945 cine
1131 2896 1175 2962 be·

120 2964 182 3012 auch
200 2979 247 3012 nur
262 2979 319 3012 voni
337 2964 419 3012 boden
437 2965 558 3025 erbebcn3
576 2965 621 3014 das
675 2967 783 3015 stimmtc
799 2965 875 3016 Form
892 2965 984 3016 crbdlt:
1004 2965 1174 3030 conformatio

121 3031 231 3080 lctzterc
244 3031 279 3080 ist
290 3032 402 3094 wenigcr
413 3032 451 3081 als
465 3031 508 3082 das
522 3040 621 3082 crsterc
675 3033 799 3098 quaedam
812 3037 838 3083 ot
848 3033 942 3100 figura
960 3036 1039 3082 totins
1059 3035 1175 3102 corporis

121 3099 170 3147 und
191 3099 251 3160 geht
271 3099 356 3161 jenem
381 3115 482 3149 vocaus.
518 3099 556 3150 Zu
576 3105 624 3150 cut
675 3101 726 3150 Cic.
739 3103 770 3150 dc
783 3100 853 3151 Orat.
866 3101 890 3164 1.1
902 3100 943 3152 25.
955 3127 990 3137 --
999 3100 1076 3170 puolo
1088 3102 1174 3166 infra:

120 3166 202 3229 vcrgl.
219 3165 243 3214 4.
263 3165 307 3229 30,
326 3165 354 3214 2:
376 3167 415 3216 liis
431 3171 559 3235 superatis·
576 3171 632 3218 aab
676 3184 695 3218 s.
709 3185 741 3219 zu
754 3168 795 3234 35,
808 3168 831 3219 6.

121 3233 207 3286 reditu
222 3233 381 3284 interclusis:
402 3235 463 3283 oder
484 3236 546 3285 docb

122 3303 246 3364 nigstenst

155 3369 180 3418 4.
195 3369 321 3419 cendunt:
334 3369 371 3432 sip
384 3369 518 3418 scbnciden
531 3369 567 3418 sie
579 3385 620 3432 ap.
846 3416 852 3426 ,
1121 3402 1123 3412 ι
1139 3411 1145 3420 .

120 3465 155 3472 -
171 3441 318 3492 mumma
334 3440 429 3503 Species
447 3452 536 3487 aarum
548 3441 620 3486 span,
709 3412 945 3463 b.ablabrcs:vom
955 3411 1040 3461 Raude
1049 3426 1102 3471 uus,
1113 3425 1173 3458 wir:
1198 3453 1202 3466 ,

123 3505 377 3562 ίὺιπινοὶ,.·ἀαεεάαε
390 3497 620 3568 ganzcdnsclien,
673 3496 712 3530 ⁰¹¹¹
725 3479 818 3560 Raude:
835 3479 869 3560 ,Ῑ·
889 3479 915 3542 1,
934 3479 964 3540 53
983 3479 1074 3528 eb⁰¹¹⁸⁰
1092 3494 1113 3526 θ’
1132 3476 1173 3541 27²

121 3573 160 3622 als
174 3573 279 3622 stiinden
293 3573 330 3622 sic
342 3571 400 3633 lest,
413 3572 525 3622 erbaltcn
535 3571 620 3622 bleibt.
673 3547 702 3596 4³
716 3550 747 3597 ‘²⁶
759 3547 894 3597 'mmm'

121 3640 198 3691 Nicbt
222 3639 354 3690 uniibnlicb
374 3639 438 3688 Plio.
460 3638 502 3688 21.
526 3639 553 3702 8,
575 3638 621 3688 23:
707 3628 1175 3704 29.l.supra:c.22‚l.—rm’nimc

121 3706 246 3758 Summa
259 3713 355 3758 natura
366 3711 421 3757 cius
435 3707 582 3770 (amaranti)
595 3710 622 3756 in
676 3723 763 3756 ornnes
777 3734 811 3742 -
824 3705 938 3769 student,
957 3705 1034 3754 nicht:
1051 3703 1173 3753 durchans

123 3779 280 3826 nonrineest.
290 3804 322 3812 —
337 3779 437 3826 tacitum
444 3780 485 3826 ut:
499 3775 621 3838 Stellam,
676 3775 745 3824 nicbt
755 3776 805 3824 alle
819 3774 876 3835 (nur
887 3774 988 3836 einiger,
1005 3772 1125 3820 sondcrn:
1143 3771 1175 3820 dr

122 3844 171 3892 wie
188 3844 229 3894 bei
245 3844 307 3894 udco
340 3847 387 3909 sic,
403 3860 483 3909 usquc
499 3843 621 3904 conllb.
675 3842 726 3892 alle
748 3841 888 3894 Germaow
914 3856 953 3890 am
973 3841 1113 3902 wenigstcn
1132 3854 1174 3887 um

124 3909 164 3971 53,
180 3913 203 3960 t.
218 3913 242 3960 l.
257 3911 296 3975 ll,
310 3881 350 3974 ὲ).
676 3912 723 3959 den
740 3909 872 3960 Acberbau
889 3909 941 3958 sicb
958 3908 1098 3976 tumuere,
1118 3908 1172 3958 also

157 3970 210 4032 28.
235 3980 257 4029 1,
281 3981 390 4048 specics:
411 3979 450 4030 dic
467 3994 546 4043 ganzo
563 3978 621 4028 ‘dus-
675 3977 734 4028 lein
746 3977 927 4042 Widorsprucb
944 3977 989 4028 mit
997 3976 1073 4041 jener
1083 3975 1171 4026 Stelle.

922 4061 974 4112 16*

566 3250 620 3284 we*
709 3260 733 3309 4.
747 3265 859 3328 sucepti:
869 3261 937 3311 nicht
946 3260 1044 3322 einmol,
1053 3273 1126 3309 wcnn
1137 3257 1174 3307 sie

671 3326 735 3391 jung
748 3327 928 3392 ‘cingelangcn'
941 3329 1051 3376 werden.
