2816 4468
189 293 253 356 296
553 287 598 340 nn
615 286 723 338 annuo
742 285 884 339 comico

153 457 169 508 3
190 443 325 510 dentibus
344 443 391 504 bis
409 442 535 503 breviter
554 441 656 502 suain
675 441 811 504 Haeduos
830 439 933 502 merita
953 442 1102 520 exposuit,
1129 461 1208 522 quos
1227 450 1263 506 et

191 548 279 610 quam
297 527 423 589 humiles
442 525 614 607 accepisset,
630 526 805 605 compulsos
826 525 857 585 in
872 525 992 604 oppida,
1011 528 1149 588 multatos
1165 528 1258 607 agris,

190 613 327 676 omnibus
347 611 453 692 ereptis
474 611 582 690 copiis,
609 611 750 690 imposito
776 611 937 690 stipendio,
964 611 1115 673 obsidibus
1136 631 1259 674 summa

190 717 258 760 cum
278 697 454 758 contumelia
471 696 605 768 extortis,
626 704 654 756 et
670 715 757 774 quam
773 697 802 755 in
818 697 966 756 fortunam
982 714 1127 776 quamque
1141 697 1172 758 in
1187 716 1259 758 am·

190 783 362 864 piitudinem
377 781 556 854 deduxisset,
575 789 608 841 ut
627 799 689 841 non
705 780 801 854 solum
816 780 846 840 in
862 779 1019 859 pristinum
1034 789 1140 842 statum
1157 781 1258 842 redis—

190 875 270 941 sent,
291 867 342 928 sed
358 867 491 927 omnium
506 875 674 943 temporum
690 865 858 942 dignitatem
878 872 906 924 et
923 865 1045 942 gratiam
1060 864 1259 928 antecessisse

190 953 364 1013 viderentur.
387 951 439 1011 His
456 951 529 1011 datis
545 949 690 1010 mandatis
706 969 757 1009 eos
773 950 807 1009 ab
824 969 856 1009 se
872 949 991 1009 dimisit.

276 1045 329 1102 55.
359 1035 566 1096 Noviodunum
583 1034 801 1113 eratoppidum
816 1034 1004 1095 Haeduorum
1020 1035 1055 1094 ad
1070 1034 1150 1113 ripas
1166 1035 1256 1113 Lige-

153 1132 168 1182 2
190 1121 231 1182 ris
246 1127 415 1200 opportuno
430 1121 496 1180 loco
512 1118 652 1198 positum.
687 1120 751 1179 Huc
765 1117 870 1179 Caesar
885 1137 989 1180 omnes
1004 1118 1120 1179 obsides
1137 1120 1254 1193 Galliae,

189 1207 382 1278 frumentum,
402 1204 555 1282 pecuniam
574 1203 735 1282 publicam,
756 1222 880 1263 suorum
899 1211 984 1282 atque
999 1204 1141 1264 exercitus
1156 1205 1256 1284 impe-

154 1297 169 1348 3
191 1290 387 1350 dimentorum
402 1305 538 1366 maguam
553 1296 667 1367 partem
682 1288 858 1361 contulerat,
872 1289 930 1348 buc
945 1305 1084 1366 magnum
1095 1307 1254 1350 numerum

189 1392 333 1452 equorum
347 1373 434 1454 buius
450 1374 515 1434 bebi
531 1391 617 1434 causa
632 1374 662 1434 in
674 1373 752 1434 ltalia
765 1381 849 1452 atque
861 1372 1001 1451 Hispania
1012 1378 1182 1452 coemptum
1193 1373 1256 1433 mi·

153 1462 170 1514 4
190 1466 274 1520 serat.
302 1459 345 1519 Eo
363 1477 428 1519 cum
444 1458 628 1538 Eporedorix
640 1457 900 1535 Viridomarusque
919 1457 1065 1518 venissent
1080 1465 1108 1518 et
1123 1459 1159 1518 de
1175 1466 1256 1519 statu

190 1544 310 1604 civitatis
330 1543 549 1621 cognovissent,
568 1543 727 1604 Litavicum
748 1542 872 1602 Bibracti
892 1542 927 1602 ab
947 1542 1254 1621 Haeduisreceptum,

189 1629 268 1708 quod
288 1636 333 1689 est
352 1627 495 1707 oppidum
515 1629 592 1706 apud
612 1647 663 1688 eos
679 1626 820 1688 maximae
835 1626 1026 1702 auctoritatis,
1046 1626 1254 1690 Convictolita-

189 1714 248 1774 vim
262 1713 463 1792 magistratum
479 1731 674 1791 magnamque
688 1721 799 1791 partem
817 1719 933 1772 senatus
945 1711 980 1772 ad
993 1730 1060 1771 eum
1072 1713 1254 1785 convenisse,

189 1799 298 1876 legatos
319 1798 354 1858 ad
375 1797 638 1875 Vercingetorigem
658 1799 694 1858 de
712 1816 783 1876 pace
803 1803 831 1857 ct
851 1796 975 1856 amicitia
995 1796 1175 1872 concilianda
1195 1816 1253 1876 pu·

189 1882 262 1944 biice
281 1883 405 1954 missoS,
424 1900 486 1942 non
505 1883 794 1960 praetermittendum
813 1889 926 1940 tantum
946 1881 1138 1942 commodum
1153 1882 1254 1943 existi-

141 1977 170 2026 ·5
191 1975 350 2027 marorum.
372 1967 471 2045 ltaque
486 1966 643 2026 interiectis
658 1965 823 2027 Novioduni
839 1964 1010 2025 custodibus
1026 1965 1132 2044 quique
1146 1986 1182 2027 eo
1198 1985 1252 2027 ne-

190 2050 319 2130 gotiandi
335 2068 420 2112 causa
436 2057 630 2111 convenerant
644 2051 798 2130 pecuniam
814 2058 901 2128 atque
915 2068 1007 2128 equos
1022 2049 1099 2112 inter
1113 2070 1145 2111 se
1156 2051 1255 2130 partiti

181 2273 184 2277 .
225 2234 250 2285 3.
272 2250 336 2300 quoa
359 2231 473 2308 (quialep)
496 2237 636 2302 accepisset
657 2235 694 2285 ei·
783 2236 809 2285 4.
827 2235 952 2301 Bibracti,
965 2235 1257 2299 dieselbeEndungina‘

191 2302 283 2367 gemb:
302 2303 325 2352 iu
340 2301 632 2367 Empiaug'gcnommen,
650 2318 695 2364 ge·
751 2303 885 2366 (withreud
910 2309 981 2352 sonst
1009 2304 1048 2352 die
1074 2303 1253 2354 Stiidtenamen

190 2371 283 2421 funden
295 2371 374 2436 bitte,
387 2370 425 2419 als
437 2385 467 2419 er
479 2371 530 2420 sich
540 2371 601 2420 naob
612 2371 696 2420 scinci·
749 2371 795 2422 uui
808 2373 833 2433 θ’,
855 2371 904 2420 wie
921 2370 1072 2437 Praeneste,
1096 2370 1174 2422 Caere
1190 2388 1204 2421 e
1221 2371 1254 2420 im

190 2437 303 2490 Ankumt
332 2439 402 2487 ihrer
424 2439 537 2488 unnabm.
561 2467 596 2476 -
619 2455 696 2504 param
749 2439 804 2490 Abi.
821 2437 914 2500 baben)
934 2439 994 2487 db.
1012 2439 1252 2489 diealteLocativ-

190 2507 314 2557 munies.-
331 2506 357 2555 iu
373 2505 494 2555 wclchem
506 2505 635 2557 Zustande
652 2508 698 2558 der
750 2508 826 2569 somn,
845 2506 923 2556 lindet
940 2506 991 2555 sich
1007 2507 1070 2556 auch
1087 2506 1126 2555 bei
1142 2508 1253 2556 anderen

135 2637 137 2644 y
189 2573 384 2637 Erniedrigung.
409 2573 436 2623 S.
451 2572 474 2622 1.
488 2572 528 2636 31,
543 2573 567 2624 6.
580 2574 606 2624 6.
620 2575 658 2638 12,
671 2574 696 2625 3.
750 2572 1167 2639 Stiidtenmnen,wicCartbaga'ni
1184 2573 1254 2637 (niv.

224 2665 249 2715 4.
266 2664 404 2715 mandatis.
426 2664 461 2714 Er
473 2665 542 2715 batte
555 2665 628 2714 ibucn
639 2666 695 2718 dies
750 2642 790 2691 3⁰·
808 2641 837 2704 9⁹
854 2639 887 2705 3)
908 2639 998 2692 Tib'm'
1014 2641 1079 2700 (αὖ
1096 2642 1193 2692 ‘'dm-
1213 2641 1253 2706 169

190 2739 286 2798 gesugt,
299 2734 376 2783 dumit
389 2733 427 2814 sie
439 2747 466 2813 es
477 2733 523 2781 den
533 2733 649 2814 Hdduern
662 2733 698 2783 ad
748 2707 1148 2842 ᾗὶέθξξωῖῗέέζῒῗέῗῖηνίἶ
1172 2708 1252 2828 (128Ρῖ
1272 2757 1275 2762 ·

86 2861 89 2868 -
184 2800 695 2932 ,3111111111111111
751 2814 861 2910 „aa
875 2814 965 2921 ῶῶ
1057 2844 1080 2894 1·
1098 2793 1254 2909 e’e-'ff

325 2932 543 2985 αῶααῶα
749 2912 1033 2979 ¹²
1057 2928 1257 3034 a

209 3019 279 3120 ,55⁰
294 3040 316 3090 1.
327 3041 449 3119 oppidum
456 3041 627 3120 Haeduorum,
641 3040 694 3091 No·
749 2995 992 3110 uemmhtisan‘dhl,
1009 2995 1071 3096 aubb
1087 3049 1133 3097 dcr
1149 3041 1268 3099 soture-⁴

128 3149 131 3154 i
190 3108 451 3158 viodunumbeisstc.
466 3106 695 3173 12,2c1neStndt
749 3130 850 3177 namen,
873 3114 930 3162 wic·
942 3113 970 3162 B.
992 3113 1019 3164 C.
1042 3114 1065 3164 1.
1089 3114 1150 3179 103,
1172 3114 1199 3166 3:
1223 3120 1256 3166 ut

191 3176 238 3224 der
249 3174 389 3238 Bituriger‚
405 3189 459 3224 was
470 3176 529 3224 'sich
543 3190 571 3224 so
583 3177 694 3226 vereini-
748 3181 911 3232 Alexandrou
922 3185 1096 3250 reciperatum
1108 3199 1137 3232 so
1150 3183 1214 3233 oben
1227 3183 1253 3234 6.

190 3258 238 3306 gen
250 3242 323 3306 liisst,
336 3242 394 3292 dass
406 3242 446 3291 die
459 3241 540 3303 stadt,
552 3243 590 3293 als
604 3243 643 3293 die
653 3245 695 3293 Bi·
749 3249 774 3313 6,
787 3248 811 3298 3.
822 3249 846 3299 1.
857 3247 898 3312 20,
914 3247 943 3297 12
957 3253 1012 3300 ‚rute
1018 3251 1118 3316 finibus
1127 3254 1256 3319 recipere-

189 3311 288 3374 turiger
313 3326 364 3361 von
391 3310 438 3360 den
459 3309 590 3373 Hdduern,
616 3311 693 3361 deren
750 3321 801 3368 tur.
830 3317 857 3366 B.
875 3315 903 3366 C.
923 3315 945 3365 1.
964 3315 1009 3380 35,
1027 3318 1054 3368 5:
1078 3322 1109 3368 ut
1124 3321 1188 3369 urbe
1207 3323 1256 3370 aut

190 3378 306 3430 Clientcn
320 3379 357 3429 sie
369 3393 469 3442 waren,
482 3378 624 3440 abgefalien
637 3380 694 3429 dem
746 3387 866 3453 partitus
882 3387 1051 3453 reciperetur,
1073 3402 1098 3434 u.
1110 3401 1147 3450 a,
1169 3387 1255 3438 seiten

189 3445 337 3510 Vercinget.
355 3447 407 3497 sicb
423 3447 621 3518 angescblosseu
637 3448 694 3498 but·
748 3453 794 3502 mit
805 3455 835 3502 in
850 3453 909 3516 (aus
922 3454 983 3503 nabo
996 3453 1136 3516 liegeudcm
1150 3452 1255 3504 Grande

189 3520 234 3564 ten
256 3515 292 3576 (c.
305 3515 348 3578 5),
375 3516 436 3565 nacb
458 3516 527 3564 ibrer
545 3515 695 3578 Eroberung
748 3520 776 3570 Β.
789 3519 816 3569 C.
830 3519 854 3570 3.
867 3519 908 3584 82,
923 3519 949 3570 1:
966 3523 1075 3588 receptis
1092 3524 1209 3573 munibus
1226 3525 1254 3572 in

191 3581 226 3643 (o.
238 3581 269 3631 12
278 3599 303 3632 u.
315 3582 359 3645 13)
372 3583 468 3632 wieder
479 3589 554 3632 auter
565 3584 605 3632 dic
614 3583 694 3633 Herr-
748 3603 801 3638 una
821 3593 909 3638 costra
925 3587 1081 3653 legionibus)
1103 3590 1153 3639 und
1174 3593 1256 3655 intra,

191 3649 327 3700 sebastder
338 3651 511 3701 H'aducrkum.
525 3651 694 3702 Dabernennt
747 3655 797 3704 wie
812 3653 834 3704 1.
848 3651 893 3716 32,
912 3655 939 3704 5:
956 3658 1027 3706 satra
1038 3657 1111 3722 fines
1126 3671 1197 3708 satos.
1217 3655 1254 3708 -ln

190 3730 220 3765 er
232 3716 268 3766 sie
281 3719 407 3780 genadezu
419 3718 541 3786 epptdmn
547 3718 633 3782 Haud,
647 3733 693 3768 zu·
748 3723 857 3772 anderen
873 3723 1021 3788 fledeutung
1036 3724 1081 3773 des
1093 3723 1171 3776 Verb.
1184 3725 1257 3774 stebt

190 3782 271 3845 gleicb
291 3801 338 3834 zur
358 3786 502 3848 Erkl'drung
521 3786 607 3835 soincs
628 3785 693 3835 Eut·
747 3793 774 3840 tn
791 3791 952 3854 notbwendig
969 3807 990 3841 c.
1004 3791 1045 3854 71,
1059 3791 1083 3840 8.
1101 3820 1136 3828 —-
1152 3795 1256 3842 &vetum

190 3849 327 3915 sablusses,
339 3853 398 3904 doct
410 3869 438 3904 so
451 3853 626 3904 Bedeutcndcs
638 3853 693 3902 uic·
748 3857 912 3909 commodum
931 3880 966 3901 =
986 3866 1081 3910 tantam
1105 3859 1256 3925 opportuni-

190 3917 352 3982 derzulegcu.
747 3930 835 3976 tatem.
