2798 4482
183 320 185 324 ¹
233 353 294 416 142
496 329 499 342 '
592 353 636 404 nn
654 352 761 405 nuncu
780 351 923 404 cannino

193 519 208 568 5
228 523 336 569 nomm
356 505 448 584 copiis
469 525 534 568 sesa
553 505 654 568 castris
675 506 819 568 tenebant
853 505 915 568 Hac
932 525 964 568 re
983 516 1132 586 perspecta
1152 505 1282 581 Crassus,

229 609 296 652 oum
315 609 368 652 sua
384 591 577 654 cunctatitone
592 599 677 671 atque
691 592 831 671 opinione
845 592 959 652 timoris
974 593 1074 653 hostes
1089 600 1210 652 nostros
1224 590 1281 652 mi-

226 677 291 738 lites
311 676 465 738 alacriores
484 677 520 738 ad
539 677 730 756 pugnandum
750 675 924 750 etlecissent,
944 684 1029 755 atqua
1048 677 1181 738 omnium
1195 693 1280 736 voces

227 760 408 834 audirentur,
428 762 588 840 exspectari
603 761 711 822 diutius
727 778 789 822 non
804 768 952 839 oportere,
972 761 1043 840 quin
1063 762 1098 822 ad
1119 769 1211 822 castra
1225 759 1283 820 ire·

138 923 151 934 Ἰ
227 853 288 920 tur,
313 847 482 908 cohortatus
507 865 578 908 suos
604 845 741 907 omuibus
766 846 949 925 cupientibus
975 845 1011 906 ad
1035 845 1165 907 hostium
1189 853 1283 909 castra

227 930 385 992 contendit.

311 1021 365 1082 25.
394 1015 436 1076 lbi
456 1033 523 1076 curn
542 1014 588 1076 alii
608 1016 703 1076 fossas
724 1014 917 1093 complerent,
939 1014 984 1075 alii
1003 1015 1103 1076 multis
1122 1014 1187 1076 telis
1208 1032 1281 1076 con-

226 1099 306 1160 iectis
331 1100 499 1162 defensores
520 1100 594 1160 vallo
613 1099 882 1178 munitionibusque
902 1099 1089 1177 depellerent,
1114 1099 1281 1160 auxiliares·

226 1189 297 1263 que,
317 1183 422 1263 quibus
443 1185 478 1245 ad
499 1201 628 1263 pugnam
647 1202 709 1265 non
728 1184 854 1246 multum
869 1183 992 1246 Crassus
1013 1183 1188 1258 confidebat,
1207 1184 1281 1262 lapi-

209 1269 311 1355 ¹dibus
336 1268 457 1348 telisque
481 1269 737 1330 subministrandis
763 1270 846 1330 etad
867 1287 1002 1348 aggerem
1021 1268 1177 1347 cespitibus
1198 1287 1281 1330 com·

226 1353 381 1433 portandis
396 1353 524 1433 speciem
533 1361 618 1432 atque
633 1354 803 1433 opinionem
818 1353 1010 1432 pugnantium
1021 1353 1200 1432 praeberent,
1215 1371 1282 1414 cum

225 1438 295 1499 item
320 1437 355 1498 ab
377 1439 512 1500 hostibus
531 1446 698 1499 constanter
716 1457 750 1499 ac
772 1456 834 1500 non
852 1439 953 1500 timide
975 1445 1153 1517 pugnaretur
1171 1438 1282 1516 telaque

158 1523 163 1532 '
189 1537 205 1588 2
223 1530 261 1584 ex
280 1523 346 1583 loco
362 1523 514 1602 superiore
528 1522 619 1584 missa
633 1541 696 1584 non
712 1524 819 1584 frustra
834 1523 1008 1596 acciderent,
1028 1523 1138 1601 equites
1154 1522 1280 1584 circum*

226 1607 274 1682 'dis
303 1608 436 1670 hostium
464 1607 566 1669 eastris
596 1608 703 1670 Crasso
731 1608 967 1670 renuntiaverunt
1000 1625 1062 1668 non
1090 1608 1190 1668 eadem
1215 1625 1280 1668 esse

224 1691 371 1770 diligentia
392 1693 428 1754 ab
452 1693 612 1754 decumana
635 1700 721 1772 porta
741 1701 835 1754 castra
852 1692 964 1756 munita
983 1693 1151 1771 facilemque
1170 1691 1280 1752 aditum

223 1777 338 1838 habere.
1158 1778 1167 1796 “

308 1866 362 1926 26.
397 1861 520 1922 Crassus
551 1861 680 1939 equitum
706 1862 867 1942 praefectos
893 1862 1081 1934 cohortatus,
1109 1869 1142 1922 ut
1166 1860 1280 1939 magnis

224 1945 363 2025 praemiis
390 1945 705 2025 pollicitationibusque
730 1965 802 2008 suos
829 1946 999 2020 excitarent,
1030 1947 1099 2025 quid
1124 1945 1187 2006 lieri
1205 1946 1280 2019 velit,

187 2038 203 2089 2
225 2029 361 2090 ostendit.
390 2029 447 2102 llli,
472 2038 504 2091 ut
520 2035 582 2089 erat
599 2029 788 2108 imperatum,
814 2031 925 2091 eductis
945 2031 980 2091 iis
997 2031 1181 2103 cohortibus,
1206 2049 1280 2110 quae

224 2113 371 2192 praesidio
388 2114 489 2175 castris
504 2113 618 2174 relictae
633 2115 747 2175 intritae
761 2115 796 2176 ab
811 2115 912 2175 labore
926 2123 1020 2190 erant,
1042 2123 1069 2176 et
1083 2115 1216 2194 longiore
1231 2115 1278 2175 iti-

223 2215 294 2259 nere
310 2197 529 2268 circumductis,
545 2215 582 2258 ne
597 2218 632 2259 ex
646 2199 778 2260 hostium
794 2200 897 2260 castris
914 2199 1046 2280 conspici
1061 2207 1196 2278 possent,
1212 2219 1278 2261 om-

222 2281 305 2344 nium
330 2282 421 2343 cudis
446 2283 651 2362 mentibusque
670 2284 708 2344 ad
727 2301 855 2363 pugnarn
874 2285 994 2345 intentis
1015 2284 1143 2346 celeriter
1161 2285 1198 2345 ad
1218 2304 1277 2358 eae,

186 2387 201 2437 3
223 2385 295 2446 quas
316 2367 454 2442 diximus,
474 2367 654 2448 munitiones
673 2376 868 2448 pervenerimt
886 2376 971 2447 atque
989 2369 1035 2430 his
1051 2369 1180 2447 prorutis
1196 2369 1278 2448 prius

222 2452 253 2513 in
273 2451 405 2513 hostium
425 2453 527 2514 eastris
548 2452 754 2527 constiterunt,
774 2472 862 2534 quam
881 2454 966 2534 plane
985 2454 1020 2514 ab
1045 2453 1091 2514 his
1110 2453 1199 2514 videri
1220 2461 1278 2528 aut,

253 2639 471 2704 ampraehebant,
488 2638 534 2690 wie
552 2638 724 2704 c.1l‚6und
811 2630 865 2690 20.
894 2639 918 2690 2.
947 2641 1054 2692 detritae
1068 2659 1103 2682 =
1118 2654 1170 2690 oon
1193 2641 1276 2703 tritos,

238 2705 262 2768 6,
278 2705 300 2755 l·
776 2708 981 2770 augesohwiicht,
1004 2710 1129 2772 arlagras,
1154 2722 1201 2772 nur
1224 2707 1279 2756 hier

254 2765 308 2826 25.
332 2772 354 2823 1.
376 2773 412 2824 ad
423 2790 541 2841 pugnam
556 2791 603 2825 zur
618 2775 722 2838 Angabe
777 2775 818 2825 bei
834 2775 875 2839 C.‚
892 2775 941 2824 wie
958 2775 1097 2840 iiberhaupt
1113 2776 1158 2824 das
1174 2774 1278 2824 vernei-

219 2841 265 2892 des
283 2841 403 2890 Zweelrs:
431 2843 489 2905 ‘zn‚
507 2841 574 2904 l'rir‘‚
596 2843 621 2892 d.
638 2844 662 2892 h.
681 2857 723 2895 unt
777 2844 857 2893 nenda
880 2846 908 2893 ia
934 2843 980 2892 mit
1001 2841 1165 2907 Partieipian‚
1188 2855 1279 2892 ausser

220 2909 257 2958 sie
288 2924 345 2959 zum
371 2906 475 2974 Kampsa
507 2925 539 2960 zu
568 2911 722 2960 vcrweuden
775 2925 850 2959 wenn
866 2911 905 2960 sie
921 2909 1179 2972 Adiectivbedeutuog
1198 2923 1277 2971 anges

221 2976 350 3038 (nieht=
361 2976 430 3040 quod
444 2977 608 3039 attrhetadl3
627 2977 721 3027 ebenso
777 2992 890 3026 nomnen
907 2977 999 3039 haben,
1016 2977 1065 3027 wie
1083 2993 1107 3026 z.
1119 2977 1146 3026 B.
1158 2977 1277 3043 tomellus,

219 3043 255 3092 ad
265 3057 390 3107 aggerem
402 3044 609 3108 suffocandum.-
621 3060 653 3094 ιιι
665 3046 721 3094 darn
775 3044 906 3108 cadeates,
927 3047 1074 3112 ,imparatos
1099 3043 1229 3106 (rhdoccro
1250 3061 1277 3096 ιι.

219 3110 314 3173 Damna,
327 3110 374 3159 den
388 3111 424 3160 sie
437 3111 599 3174 erriehteten,
610 3112 671 3161 weil
681 3113 720 3162 die
774 3115 905 3180 amparare
917 3112 986 3175 giebt
996 3128 1025 3162 es
1035 3112 1141 3164 ohnehiu
1154 3111 1230 3175 nieht)
1243 3113 1277 3166 int

219 3177 314 3228 Fainde
326 3193 361 3228 ear
371 3176 425 3227 loco
437 3182 571 3245 aarpmcre
583 3179 720 3244 klimplten.
777 3179 879 3230 Ganzen
900 3180 981 3230 solten
995 3180 1041 3241 ista
1066 3180 1147 3242 vergl.
1169 3182 1277 3246 babos,

217 3273 251 3284 -
265 3260 317 3296 non
327 3245 438 3296 multum
448 3247 518 3311 eotp‘.
539 3247 566 3296 S.
579 3262 612 3296 zu
624 3263 645 3296 c.
658 3248 682 3310 9,
695 3247 720 3298 3.
773 3248 893 3312 dqfoetaq
905 3251 1045 3313 invocatus,
1056 3247 1175 3298 condietur.

217 3328 356 3363 *oenoe
368 3312 718 3379 tiarddo,undnicht(etwa)
808 3314 834 3364 3.
859 3319 935 3383 pn'oa
953 3343 988 3352 -
1003 3331 1081 3380 ιιιιαιιι
1097 3319 1195 3382 poscet.
1222 3313 1275 3364 Der

218 3381 368 3444 lumhtaarn,
384 3381 433 3430 wie
450 3396 505 3431 man
523 3384 585 3432 nach
601 3383 647 3432 dor
659 3397 721 3434 cam·
774 3381 1043 3433 Coniunctlannhier
1055 3383 1129 3446 nieht,
1142 3383 1191 3432 wic
1204 3387 1276 3434 sonat

218 3451 296 3500 curto
317 3452 343 3499 at
363 3451 446 3515 opaco
468 3451 569 3500 tetraonis
589 3451 659 3500 hiitte
677 3465 721 3500 cr·
773 3449 815 3500 bei
824 3454 988 3519 padqaquaan,
1006 3455 1153 3516 autequam,
1170 3450 1211 3500 die
1223 3449 1275 3500 Ab·

145 3521 148 3528 '
218 3524 316 3568 werten
327 3517 441 3577 kdancn3
455 3517 630 3568 daheracnoe
643 3518 721 3581 (nicht
774 3518 840 3569 sicbt
866 3519 1036 3581 ansdriiclren,
1066 3519 1174 3568 sonderu
1198 3519 1275 3580 steht,

216 3583 720 3716 tollamlhltdtlhatllbddt
773 3585 1276 3718 dt,thattthldh‘ldllattt

123 3740 126 3746 ·
218 3718 636 3785 §468Anm.Zumpt§334).-ob
645 3721 721 3774 daeo·
773 3728 814 3772 tes
828 3723 990 3790 (priusquam
999 3723 1132 3790 potarat),
1148 3736 1189 3770 um
1202 3721 1274 3770 einen

217 3803 295 3838 mana
310 3793 401 3856 porta:
421 3787 446 3838 2.
459 3788 504 3852 24,
517 3787 543 3838 2.
569 3790 620 3840 llas
636 3789 720 3854 Lager
773 3789 877 3840 inueren
894 3789 1109 3853 Zusanunenhang
1126 3790 1172 3838 der
1189 3787 1273 3838 Hand*

218 3868 272 3904 war
284 3855 339 3906 also
356 3871 419 3920 ganz
436 3859 618 3910 eousuatudrho
632 3857 722 3937 populi
773 3857 867 3920 langen
885 3873 917 3908 zu
940 3857 1104 3920 bezeichnen,
1128 3857 1210 3906 ludera
1228 3856 1275 3906 der

217 3920 329 3974 llomoera‘
351 3926 392 3988 (e.
415 3921 462 3987 23,
485 3922 520 3989 6)
544 3926 719 3990 eingemehtet.
775 3923 894 3976 Gadanlrc
906 3940 938 3973 zu
951 3923 1052 3975 Grnnde
1063 3924 1139 3988 liegt:
1153 3925 1190 3974 sie
1203 3930 1273 3974 stan·

217 3987 414 4044 venerator.
429 3989 490 4056 1,5.
773 3993 821 4044 den
838 4007 867 4042 oo
884 3992 980 4044 schnall
995 3992 1029 4044 im
1043 3992 1140 4058 Lagea,
1159 3992 1219 4044 daos
1235 3990 1273 4042 ol·
