2828 4480
583 328 626 381 vr.
649 327 732 400 ¹·.·3·

1125 329 1200 432 221ι

132 479 331 560 Ambiorigem
349 482 404 544 sibi
424 483 559 544 societate
578 490 606 544 et
629 483 745 544 loedere
768 481 934 560 adiungunt.
968 482 1080 554 Quibus
1099 483 1188 544 rebus
1209 493 1224 543 ³

134 565 259 643 cognitis
284 565 478 628 Caesareum
504 567 631 651 undique
655 568 762 628 bellum
788 565 883 645 parari
908 566 1027 640 videret,
1059 568 1189 641 Nervios,

134 649 311 723 Aduatucos,
330 653 389 728 [55]
408 652 556 731 Menapios
571 653 712 713 adiunctis
724 651 908 712 Cisrhenanis
920 652 1055 713 omnibus
1068 652 1189 712 Germa-

131 734 178 795 nis
193 753 258 794 esse
272 735 302 795 in
316 736 414 810 armis
429 736 559 798 Senones
574 737 610 797 ad
621 737 796 816 imperatum
811 754 870 796 non
886 737 982 797 venire
998 744 1026 796 et
1040 756 1107 798 cum
1119 735 1189 796 Car-

130 819 250 880 nutibus
266 820 453 900 finitimisque
468 822 628 882 civitatibus
644 823 763 883 consilia
779 821 1005 894 communicare,
1026 841 1042 881 a
1058 820 1189 882 Treveris
1213 887 1215 890 ,

133 903 294 964 Germanos
315 905 423 965 crebris
439 906 632 984 ,legationibus
652 906 813 979 sollicitari,
832 905 974 966 maturius
995 905 1050 966 sibi
1065 905 1189 966 debello

131 989 317 1067 cogitandum
332 991 449 1069 putavit.

219 1061 249 1122 3·
275 1073 374 1153 ltaque
387 1075 518 1136 nondum
532 1069 627 1148 hicme
642 1077 770 1137 confecta
781 1075 923 1154 proximis
934 1082 1070 1154 quattuor
1082 1075 1189 1138 coactis

130 1157 292 1237 legionibus
312 1160 347 1219 de
361 1159 521 1239 improviso
541 1160 572 1222 in
591 1161 662 1222 fines
677 1160 848 1221 Nerviorum
870 1159 1016 1221 contendit
1030 1168 1070 1242 et,
1091 1159 1189 1238 prius·
1210 1169 1225 1218 2

132 1261 219 1322 quam
234 1242 272 1302 illi
287 1253 336 1304 aut
351 1245 501 1306 convenire
515 1253 564 1305 ant
578 1247 733 1325 profugere
746 1253 878 1323 possent,
893 1262 998 1323 magno
1014 1245 1128 1323 pecoris
1143 1252 1188 1304 at·-

133 1346 189 1407 que
203 1328 357 1396 hominum
371 1347 495 1390 numero
517 1339 600 1408 capto
620 1339 705 1410 atque
724 1348 757 1390 ea
775 1329 882 1408 praeda
896 1329 1034 1391 militibus
1050 1347 1188 1390 concessa

132 1413 307 1490 vastatisque
325 1413 401 1492 agris
421 1415 451 1476 15
471 1413 646 1475 deditionem
665 1415 761 1475 venire
786 1421 872 1493 atque
898 1413 1014 1474 obsides
1040 1413 1095 1474 sibi
1121 1413 1190 1474 dare

133 1498 235 1576 coegit.
265 1497 308 1557 Eo
325 1499 451 1558 celeriter
471 1500 601 1559 conlecto
621 1500 739 1578 negotio
758 1517 862 1558 rursus
881 1498 912 1558 in
926 1497 1045 1559 hiberna
1059 1498 1189 1576 legiones
1210 1507 1230 1559 3'

133 1582 255 1643 reduxit.
285 1581 410 1642 Concilio
428 1583 532 1644 Galliae
546 1585 642 1662 primo
658 1603 735 1656 vere,
750 1591 782 1643 ut
796 1583 966 1655 instituerat,
980 1582 1102 1656 indicto,
1122 1601 1188 1643 cum
1208 1594 1225 1644 4

132 1667 235 1745 reliqui
249 1675 362 1745 praeter
378 1667 522 1741 SenoneS,
537 1669 674 1730 Carnutes
690 1668 889 1746 Treverosque
902 1667 1061 1740 venissent,
1076 1667 1190 1727 initium

133 1751 198 1812 belli
213 1770 247 1812 ae
261 1751 429 1812 delectionis
444 1753 502 1812 hoc
516 1757 581 1814 esse
592 1753 755 1826 arbitratus,
769 1761 801 1813 ut
813 1752 909 1812 omnia
920 1760 1100 1831 postponere
1111 1752 1190 1812 vide-

133 1843 226 1909 retur,
247 1836 401 1924 concilium
420 1837 562 1898 Lutetiam
581 1838 761 1899 Parisiorum
780 1838 924 1898 transfert.
955 1837 1089 1898 Confines
1110 1844 1192 1897 erant
1211 1849 1227 1900 5

133 1920 164 1982 bi
181 1921 345 1982 Senonibus
360 1921 558 2002 civitatemque
573 1930 689 2001 patrum
704 1922 845 1983 memoria
860 1922 1074 1995 coniunxerant,
1090 1921 1142 1982 sed
1155 1921 1192 1982 ab

134 2005 192 2065 hoc
211 2005 331 2092 consilio
350 2007 458 2068 aluisse
476 2007 721 2068 existimabantur.
750 2007 811 2068 Hac
830 2026 861 2068 re
880 2025 935 2086 pro
955 2016 1094 2086 suggestu
1119 2025 1192 2085 pro·
1212 2016 1228 2067 6

135 2207 194 2271 geln
208 2207 263 2256 ‘den
275 2207 393 2274 Vertrag’
406 2211 482 2261 dnrcb
495 2211 567 2261 einen
579 2211 634 2274 Eid‚

136 2276 205 2326 nicbt
215 2303 249 2311 -—
266 2276 330 2325 ‘sicb
347 2284 423 2327 nnter
439 2278 574 2344 einander',
587 2280 635 2328 wie

134 2349 208 2392 anast
229 2344 263 2406 (s.
282 2359 312 2394 zu
330 2343 354 2394 4.
367 2343 412 2408 25,
426 2346 454 2406 5)
467 2350 535 2397 inter
547 2363 575 2397 ae
591 2363 636 2411 ge-

135 2411 321 2460 braucbtwird.
343 2411 431 2476 Vergl.
444 2414 468 2462 5.
481 2413 522 2473 21,
537 2413 562 2464 1:
574 2415 639 2465 allud

135 2495 165 2529 ae
182 2478 299 2546 polliceri
317 2483 344 2529 et
358 2481 524 2532 iureiurando
544 2482 638 2548 confir-

133 2562 215 2596 mare.
231 2573 265 2583 —
282 2552 377 2597 555554.
406 2548 449 2598 Sie
465 2548 544 2612 geben
560 2550 637 2599 durch
661 2546 665 2550 ’

117 2613 253 2664 'Geisseln
269 2613 419 2678 Biirgaebalt
439 2616 464 2665 in
480 2617 579 2666 Betreff
592 2618 636 2666 des

135 2681 243 2746 Geldes,
262 2683 286 2732 d.
299 2682 315 2732 i.
329 2682 387 2732 dass
405 2683 441 2732 sie
458 2685 503 2733 das
516 2684 580 2734 Geld
593 2685 637 2734 be-

133 2750 223 2800 zablen
232 2751 343 2800 werden.
363 2750 451 2813 7.2,2:
464 2755 582 2818 quoniam
594 2755 638 2804 51·

133 2817 311 2869 5155555555
322 2835 350 2868 ae
361 2832 450 2870 cauere
459 2836 511 2869 nort
525 2823 636 2888 poscebat.

170 2883 193 2934 3.
221 2884 391 2936 5151555555
416 2885 571 2938 Germanos.-
595 2889 636 2938 die

133 2951 266 3002 Nacbbarn
284 2953 360 3016 jener
379 2970 429 3003 von
450 2957 655 3019 germanieeber.

134 3020 248 3070 Abinnst
268 3021 293 3070 in
313 3021 424 3086 Relgien.
458 3023 482 3072 2.
500 3024 529 3087 4,
549 3024 588 3074 10.
602 3051 636 3061 —

134 3087 349 3139 Senones—nort
361 3094 460 3140 tumre:
477 3091 501 3141 5.
519 3091 564 3154 54,
581 3091 635 3142 2-

134 3155 235 3206 4.-51
244 3159 412 3224 imperatum.-
430 3158 476 3209 anf
484 3160 570 3209 seinen
587 3160 636 3210 Be·

134 3223 194 3287 lebl,
206 3225 255 3274 wie
266 3224 302 3274 ud
312 3224 430 3291 edictum,
447 3226 483 3276 ad
498 3231 597 3297 tempas
610 3245 635 3278 u.

135 3293 181 3342 155
198 3292 215 3342 1.

169 3307 200 3410 38.
215 3359 237 3409 1,
248 3363 378 3427 prooeirna'e
389 3366 512 3427 55511555
523 3378 545 3412 5.
557 3362 637 3428 legio-

133 3430 218 3478 nibus.
236 3427 452 3478 Wahrsebeinlicb
465 3430 505 3478 115
517 3430 579 3492 1551,
591 3431 636 3480 mit

135 3496 215 3545 denen
232 3511 261 3544 cr
275 3510 317 3544 um
333 3496 509 3546 Samarobriva
529 3497 635 3562 lagerte,

136 3563 160 3612 5.
173 3562 214 3626 53,
227 3562 252 3613 3.
270 3563 317 3613 Die
329 3563 353 3612 4.
364 3565 460 3613 scbeint
471 3565 511 3614 die
520 3579 636 3627 genesen

135 3646 168 3680 zu
184 3631 252 3694 sein,
272 3632 313 3681 die
329 3637 404 3682 nnter
419 3631 511 3682 Fabius
532 3632 635 3684 beiden

135 3698 264 3748 115515555
276 3700 363 3757 stand:
377 3699 400 3748 5.
412 3697 455 3762 24,
467 3698 492 3748 2.

169 3765 195 3815 2.
197 3769 515 3884 2prfgrqaum—possent,
524 3766 635 3833 Absiebt,

135 3834 186 3884 wie
216 3871 222 3884 .
268 3835 314 3901 ,1.

170 3901 196 3952 4.
214 3902 318 3954 canuto
330 3902 431 3954 terdicta.
456 3903 482 3953 S.
495 3920 527 3953 zu
540 3903 563 3954 5.
575 3901 599 3969 2,
611 3902 636 3952 4.

136 3996 169 4006 -
182 3973 213 4022 at
222 3973 371 4024 destituerat
384 3993 420 4014 =
435 3972 568 4037 utsacere
578 3986 638 4021 555·

689 2209 920 2276 5555551551,
937 2210 962 2259 l:
979 2211 1028 2259 wie
1046 2225 1076 2260 en
1092 2225 1120 2262 es
1138 2212 1192 2261 ein-

674 2279 791 2344 'gel'tibrt
802 2279 879 2328 batte.
892 2293 912 2327 c.
927 2277 968 2340 44,
982 2277 1006 2326 3.
1021 2278 1044 2326 7.
1059 2277 1098 2342 13,
1114 2279 1135 2328 l.
1157 2279 1191 2328 So

666 2369 668 2380 ·
692 2346 715 2396 1.
728 2346 768 2410 50,
784 2345 926 2396 1155151515
938 2361 994 2395 auo.
1007 2371 1041 2381 —
1055 2345 1193 2396 Tretaroe-
1213 2401 1217 2406 ,

710 2431 754 2465 ue.
777 2413 803 2463 S.
816 2429 848 2462 zu
863 2412 936 2474 tte,
957 2412 979 2460 l.
992 2412 1016 2461 2.
1029 2411 1070 2476 35,
1083 2412 1108 2462 3.
1126 2413 1150 2462 4.
1167 2413 1191 2479 4,

690 2431 719 2531 l:
732 2496 812 2546 egres
824 2480 940 2547 aedesscr'a
950 2483 1075 2544 51555555.
1088 2480 1115 2529 B.
1129 2479 1156 2529 C.
1166 2477 1191 2531 2.
1230 2479 1233 2494 ¹

693 2548 715 2612 1,
731 2548 756 2597 t:
770 2563 895 2613 aggerem
906 2550 992 2598 515555
1005 2550 1148 2614 turresque.
1157 2575 1192 2584 ·-

689 2619 792 2666 initium
803 2643 835 2651 -
854 2617 910 2664 boe
929 2631 985 2664 esse
1004 2617 1094 2665 arbitr.
1115 2615 1191 2665 niiml.

690 2685 735 2732 das
747 2681 899 2732 Auebleiben
911 2683 957 2731 der
969 2682 1083 2732 Senonen
1095 2699 1120 2732 5.
1131 2697 1190 2732 ew.

690 2750 778 2814 Vergl.
792 2751 816 2799 5.
829 2749 853 2813 2,
866 2750 890 2798 4.
903 2777 938 2785 -
949 2753 980 2800 ut
990 2752 1076 2800 555515
1083 2754 1191 2818 postpo-

689 2834 752 2868 nere
762 2817 905 2868 ta'deretur:
920 2817 997 2868 demit
1008 2832 1063 2867 man
1076 2818 1144 2880 sabe,
1159 2819 1192 2881 (c.

693 2885 714 2950 1,
727 2885 762 2950 3),
775 2886 833 2936 dass
846 2901 875 2936 er
886 2885 950 2934 alles
962 2884 1061 2934 Andere
1074 2883 1116 2934 1115
1127 2885 1191 2934 min·

690 2955 736 3004 155
746 2953 848 3016 wicbtig
860 2953 926 3002 balte
942 2953 993 3002 und
1009 2953 1128 3002 ernstlicb
1145 2953 1191 3002 der

689 3021 966 3088 Empiirungbegegnen
975 3019 1191 3071 avelle-traaa-

681 3091 757 3156 sert:
777 3105 806 3140 er
826 3089 926 3152 verlegt
946 3089 993 3138 155
1010 3088 1123 3152 Lendtag
1140 3105 1189 3139 von

690 3157 866 3208 Samarobriva
878 3157 939 3206 nacb
952 3157 1066 3220 Lutetia,
1084 3172 1125 3206 um
1142 3157 1189 3206 den

689 3225 805 3276 Senonen
819 3227 881 3275 nabe
894 3241 925 3274 zu
938 3225 1001 3274 sein.
1258 3230 1259 3239 ¹

723 3294 746 3344 5.
763 3296 890 3344 ciuitatem
898 3296 1098 3344 coniuraverunt:
1109 3291 1189 3340 Seno-

689 3361 773 3424 nibus,
802 3362 870 3410 nicht
896 3361 935 3409 als
957 3361 1196 3422 Bnadesgenossen,

689 3430 796 3477 sondern
818 3429 855 3478 aie
876 3428 962 3477 hatten
978 3426 1031 3476 sict
1050 3427 1096 3475 mit
1114 3425 1189 3474 ibncn

690 3511 721 3545 zu
734 3495 831 3544 einem
844 3495 931 3544 Staate
939 3493 1092 3543 verbunden.
1100 3518 1134 3528 ·-
1141 3507 1190 3560 pa·

689 3565 903 3614 trummemera‘a:
916 3576 963 3610 555
971 3559 1030 3610 Zeit
1042 3560 1189 3612 ibrerVii-

689 3637 784 3680 ten-
796 3633 828 3681 ab
840 3631 888 3680 boc
898 3628 1016 3679 5555551155
1031 3627 1091 3677 belli
1103 3642 1132 3678 55
1144 3629 1188 3678 de·

689 3698 815 3748 lectionis.

724 3765 748 3814 d.
777 3766 829 3816 Hac
849 3781 890 3817 re:
914 3765 954 3814 die
977 3763 1123 3827 Verlegung
1146 3763 1195 3813 der

689 3833 882 3897 Versammlung
894 3834 955 3883 naeb
966 3831 1076 3881 Lutetia.
1093 3858 1128 3868 -
1141 3844 1190 3899 pro

690 3907 830 3966 suggestu:
861 3900 906 3952 551
931 3902 977 3951 155
1000 3897 1190 3964 llcdnerbiibae,

690 3970 805 4034 argentia
825 3985 889 4022 vern
900 3968 1000 4020 551155
1010 3965 1190 4018 llednerbiibne
