<?xml version="1.0" encoding="UTF-8"?>
<!DOCTYPE html PUBLIC "-//W3C//DTD XHTML 1.0 Transitional//EN"
    "http://www.w3.org/TR/xhtml1/DTD/xhtml1-transitional.dtd">
<html xmlns="http://www.w3.org/1999/xhtml" xml:lang="en" lang="en">
 <head>
  <title>
</title>
<meta http-equiv="Content-Type" content="text/html;charset=utf-8" />
  <meta name='ocr-system' content='tesseract 3.04.00' />
  <meta name='ocr-capabilities' content='ocr_page ocr_carea ocr_par ocr_line ocrx_word'/>
</head>
<body>
  <div class='ocr_page' id='page_1' title='image "./ciuliicaesarisc04krangoog_0169.png"; bbox 0 0 2798 4482; ppageno 0'>
   <div class='ocr_carea' id='block_1_1' title="bbox 209 337 904 400">
    <p class='ocr_par' dir='ltr' id='par_1_1' title="bbox 209 337 904 400">
     <span class='ocr_line' id='line_1_1' title="bbox 209 337 904 400; baseline 0.004 -14"><span class='ocrx_word' id='word_1_1' title='bbox 209 339 270 400; x_wconf 86' lang='lat'><strong>154</strong></span> <span class='ocrx_word' id='word_1_2' title='bbox 571 337 615 387; x_wconf 81' lang='lat' dir='ltr'><strong>DE</strong></span> <span class='ocrx_word' id='word_1_3' title='bbox 634 337 741 388; x_wconf 85' lang='lat' dir='ltr'><strong>BELLO</strong></span> <span class='ocrx_word' id='word_1_4' title='bbox 760 337 904 391; x_wconf 69' lang='lat' dir='ltr'><strong>umnlco</strong></span> 
     </span>
    </p>
   </div>
   <div class='ocr_carea' id='block_1_2' title="bbox 168 490 1300 2258">
    <p class='ocr_par' dir='ltr' id='par_1_2' title="bbox 168 490 1300 2258">
     <span class='ocr_line' id='line_1_2' title="bbox 206 490 1267 570; baseline 0.004 -20"><span class='ocrx_word' id='word_1_5' title='bbox 206 490 303 568; x_wconf 84' lang='lat' dir='ltr'><strong>liquos</strong></span> <span class='ocrx_word' id='word_1_6' title='bbox 325 491 356 550; x_wconf 91' lang='lat' dir='ltr'><strong>in</strong></span> <span class='ocrx_word' id='word_1_7' title='bbox 376 491 474 568; x_wconf 85' lang='lat' dir='ltr'><strong>sugam</strong></span> <span class='ocrx_word' id='word_1_8' title='bbox 495 490 682 551; x_wconf 89' lang='lat' dir='ltr'><strong>coniecerunt</strong></span> <span class='ocrx_word' id='word_1_9' title='bbox 701 498 787 570; x_wconf 88' lang='lat' dir='ltr'><strong>atque</strong></span> <span class='ocrx_word' id='word_1_10' title='bbox 805 492 844 552; x_wconf 92' lang='lat' dir='ltr'><strong>ita</strong></span> <span class='ocrx_word' id='word_1_11' title='bbox 870 492 1041 570; x_wconf 86' lang='lat' dir='ltr'><strong>perterritos</strong></span> <span class='ocrx_word' id='word_1_12' title='bbox 1067 500 1202 569; x_wconf 86' lang='lat' dir='ltr'><strong>egerunt,</strong></span> <span class='ocrx_word' id='word_1_13' title='bbox 1234 501 1267 554; x_wconf 94' lang='lat' dir='ltr'><strong>ut</strong></span> 
     </span>
     <span class='ocr_line' id='line_1_3' title="bbox 206 574 1268 655; baseline 0.004 -21"><span class='ocrx_word' id='word_1_14' title='bbox 206 592 270 634; x_wconf 94' lang='lat' dir='ltr'><strong>non</strong></span> <span class='ocrx_word' id='word_1_15' title='bbox 287 574 370 652; x_wconf 90' lang='lat' dir='ltr'><strong>prius</strong></span> <span class='ocrx_word' id='word_1_16' title='bbox 390 576 457 652; x_wconf 82' lang='lat' dir='ltr'><strong>fuga</strong></span> <span class='ocrx_word' id='word_1_17' title='bbox 476 575 661 649; x_wconf 80' lang='lat' dir='ltr'><strong>desisterent,</strong></span> <span class='ocrx_word' id='word_1_18' title='bbox 681 595 769 654; x_wconf 89' lang='lat' dir='ltr'><strong>quam</strong></span> <span class='ocrx_word' id='word_1_19' title='bbox 783 576 814 636; x_wconf 93' lang='lat' dir='ltr'><strong>in</strong></span> <span class='ocrx_word' id='word_1_20' title='bbox 830 585 1019 655; x_wconf 87' lang='lat' dir='ltr'><strong>conspectum</strong></span> <span class='ocrx_word' id='word_1_21' title='bbox 1035 577 1159 654; x_wconf 82' lang='lat' dir='ltr'><strong>agminis</strong></span> <span class='ocrx_word' id='word_1_22' title='bbox 1173 578 1268 638; x_wconf 91' lang='lat' dir='ltr'><strong>nostri</strong></span> 
     </span>
     <span class='ocr_line' id='line_1_4' title="bbox 171 658 1266 740; baseline 0.003 -21"><span class='ocrx_word' id='word_1_23' title='bbox 171 669 186 719; x_wconf 88' lang='lat'><strong>3</strong></span> <span class='ocrx_word' id='word_1_24' title='bbox 207 658 362 720; x_wconf 91' lang='lat' dir='ltr'><strong>venissent.</strong></span> <span class='ocrx_word' id='word_1_25' title='bbox 391 659 425 718; x_wconf 89' lang='lat' dir='ltr'><strong>in</strong></span> <span class='ocrx_word' id='word_1_26' title='bbox 440 678 474 719; x_wconf 88' lang='lat' dir='ltr'><strong>eo</strong></span> <span class='ocrx_word' id='word_1_27' title='bbox 491 659 602 738; x_wconf 92' lang='lat' dir='ltr'><strong>proelio</strong></span> <span class='ocrx_word' id='word_1_28' title='bbox 618 679 653 720; x_wconf 83' lang='lat' dir='ltr'><strong>er</strong></span> <span class='ocrx_word' id='word_1_29' title='bbox 668 661 812 739; x_wconf 89' lang='lat' dir='ltr'><strong>equitibus</strong></span> <span class='ocrx_word' id='word_1_30' title='bbox 827 662 937 722; x_wconf 88' lang='lat' dir='ltr'><strong>nostris</strong></span> <span class='ocrx_word' id='word_1_31' title='bbox 953 661 1166 722; x_wconf 86' lang='lat' dir='ltr'><strong>interficiuntur</strong></span> <span class='ocrx_word' id='word_1_32' title='bbox 1181 669 1266 740; x_wconf 89' lang='lat' dir='ltr'><strong>quat-</strong></span> 
     </span>
     <span class='ocr_line' id='line_1_5' title="bbox 169 744 1268 824; baseline 0.005 -24"><span class='ocrx_word' id='word_1_33' title='bbox 169 751 187 800; x_wconf 88' lang='lat'>4</span> <span class='ocrx_word' id='word_1_34' title='bbox 207 752 275 805; x_wconf 91' lang='lat' dir='ltr'><strong>tuor</strong></span> <span class='ocrx_word' id='word_1_35' title='bbox 289 751 318 803; x_wconf 90' lang='lat' dir='ltr'><strong>et</strong></span> <span class='ocrx_word' id='word_1_36' title='bbox 332 744 526 822; x_wconf 82' lang='lat' dir='ltr'><strong>septuaginta,</strong></span> <span class='ocrx_word' id='word_1_37' title='bbox 545 745 577 804; x_wconf 94' lang='lat' dir='ltr'><strong>in</strong></span> <span class='ocrx_word' id='word_1_38' title='bbox 591 744 637 804; x_wconf 90' lang='lat' dir='ltr'><strong>his</strong></span> <span class='ocrx_word' id='word_1_39' title='bbox 652 745 696 804; x_wconf 88' lang='lat' dir='ltr'><strong>vir</strong></span> <span class='ocrx_word' id='word_1_40' title='bbox 711 745 901 819; x_wconf 82' lang='lat' dir='ltr'><strong>fortissimus,</strong></span> <span class='ocrx_word' id='word_1_41' title='bbox 922 746 990 806; x_wconf 92' lang='lat' dir='ltr'><strong>Piso</strong></span> <span class='ocrx_word' id='word_1_42' title='bbox 1006 745 1182 824; x_wconf 77' lang='lat' dir='ltr'><strong>AquitanuS,</strong></span> <span class='ocrx_word' id='word_1_43' title='bbox 1204 765 1268 806; x_wconf 89' lang='lat' dir='ltr'><strong>am-</strong></span> 
     </span>
     <span class='ocr_line' id='line_1_6' title="bbox 206 828 1268 908; baseline 0.003 -21"><span class='ocrx_word' id='word_1_44' title='bbox 206 828 341 908; x_wconf 88' lang='lat' dir='ltr'><strong>plissimo</strong></span> <span class='ocrx_word' id='word_1_45' title='bbox 361 846 466 905; x_wconf 82' lang='lat' dir='ltr'><strong>genere</strong></span> <span class='ocrx_word' id='word_1_46' title='bbox 490 836 588 901; x_wconf 77' lang='lat' dir='ltr'><strong>natm,</strong></span> <span class='ocrx_word' id='word_1_47' title='bbox 609 828 690 889; x_wconf 92' lang='lat' dir='ltr'><strong>cuius</strong></span> <span class='ocrx_word' id='word_1_48' title='bbox 710 849 780 890; x_wconf 89' lang='lat' dir='ltr'><strong>avus</strong></span> <span class='ocrx_word' id='word_1_49' title='bbox 800 830 831 890; x_wconf 95' lang='lat' dir='ltr'><strong>in</strong></span> <span class='ocrx_word' id='word_1_50' title='bbox 851 831 963 890; x_wconf 89' lang='lat' dir='ltr'><strong>civitate</strong></span> <span class='ocrx_word' id='word_1_51' title='bbox 983 849 1034 890; x_wconf 90' lang='lat' dir='ltr'><strong>sua</strong></span> <span class='ocrx_word' id='word_1_52' title='bbox 1050 830 1268 907; x_wconf 78' lang='lat' dir='ltr'><strong>regnumobti&#39;-</strong></span> 
     </span>
     <span class='ocr_line' id='line_1_7' title="bbox 169 912 1267 992; baseline 0.005 -23"><span class='ocrx_word' id='word_1_53' title='bbox 169 919 185 969; x_wconf 81' lang='lat'><strong>5</strong></span> <span class='ocrx_word' id='word_1_54' title='bbox 206 921 309 975; x_wconf 91' lang='lat' dir='ltr'><strong>nuerat</strong></span> <span class='ocrx_word' id='word_1_55' title='bbox 322 913 432 973; x_wconf 89' lang='lat' dir='ltr'><strong>amicus</strong></span> <span class='ocrx_word' id='word_1_56' title='bbox 447 912 483 972; x_wconf 91' lang='lat' dir='ltr'><strong>ab</strong></span> <span class='ocrx_word' id='word_1_57' title='bbox 498 921 599 974; x_wconf 87' lang='lat' dir='ltr'><strong>senatu</strong></span> <span class='ocrx_word' id='word_1_58' title='bbox 613 921 715 973; x_wconf 90' lang='lat' dir='ltr'><strong>nostro</strong></span> <span class='ocrx_word' id='word_1_59' title='bbox 731 914 899 992; x_wconf 83' lang='lat' dir='ltr'><strong>appellatus.</strong></span> <span class='ocrx_word' id='word_1_60' title='bbox 929 915 983 974; x_wconf 91' lang='lat' dir='ltr'><strong>Hic</strong></span> <span class='ocrx_word' id='word_1_61' title='bbox 998 933 1064 974; x_wconf 90' lang='lat' dir='ltr'><strong>cum</strong></span> <span class='ocrx_word' id='word_1_62' title='bbox 1079 915 1160 975; x_wconf 86' lang='lat' dir='ltr'><strong>fratri</strong></span> <span class='ocrx_word' id='word_1_63' title='bbox 1175 915 1267 974; x_wconf 90' lang='lat' dir='ltr'><strong>inter-</strong></span> 
     </span>
     <span class='ocr_line' id='line_1_8' title="bbox 206 997 1267 1078; baseline 0.001 -20"><span class='ocrx_word' id='word_1_64' title='bbox 206 998 286 1058; x_wconf 89' lang='lat' dir='ltr'><strong>cluso</strong></span> <span class='ocrx_word' id='word_1_65' title='bbox 302 997 337 1058; x_wconf 89' lang='lat' dir='ltr'><strong>ab</strong></span> <span class='ocrx_word' id='word_1_66' title='bbox 352 997 487 1057; x_wconf 84' lang='lat' dir='ltr'>hostibus</span> <span class='ocrx_word' id='word_1_67' title='bbox 503 997 640 1058; x_wconf 83' lang='lat' dir='ltr'><strong>auxilium</strong></span> <span class='ocrx_word' id='word_1_68' title='bbox 656 999 754 1072; x_wconf 88' lang='lat' dir='ltr'><strong>ferret,</strong></span> <span class='ocrx_word' id='word_1_69' title='bbox 775 999 855 1058; x_wconf 86' lang='lat' dir='ltr'><strong>ilium</strong></span> <span class='ocrx_word' id='word_1_70' title='bbox 871 1019 905 1059; x_wconf 86' lang='lat' dir='ltr'><strong>ex</strong></span> <span class='ocrx_word' id='word_1_71' title='bbox 920 999 1048 1078; x_wconf 82' lang='lat' dir='ltr'><strong>periculo</strong></span> <span class='ocrx_word' id='word_1_72' title='bbox 1064 999 1185 1077; x_wconf 87' lang='lat' dir='ltr'><strong>eripuit,</strong></span> <span class='ocrx_word' id='word_1_73' title='bbox 1202 1000 1267 1077; x_wconf 90' lang='lat' dir='ltr'><strong>ipse</strong></span> 
     </span>
     <span class='ocr_line' id='line_1_9' title="bbox 169 1082 1267 1161; baseline 0.007 -25"><span class='ocrx_word' id='word_1_74' title='bbox 169 1086 186 1136; x_wconf 86' lang='grc'><strong>6</strong></span> <span class='ocrx_word' id='word_1_75' title='bbox 207 1101 281 1161; x_wconf 83' lang='lat' dir='ltr'><strong>equo</strong></span> <span class='ocrx_word' id='word_1_76' title='bbox 300 1082 449 1141; x_wconf 88' lang='lat' dir='ltr'><strong>vulnerato</strong></span> <span class='ocrx_word' id='word_1_77' title='bbox 470 1082 611 1154; x_wconf 78' lang='lat' dir='ltr'><strong>deiectuS,</strong></span> <span class='ocrx_word' id='word_1_78' title='bbox 635 1083 730 1158; x_wconf 86' lang='lat' dir='ltr'><strong>quoad</strong></span> <span class='ocrx_word' id='word_1_79' title='bbox 750 1083 858 1160; x_wconf 90' lang='lat' dir='ltr'><strong>potuit,</strong></span> <span class='ocrx_word' id='word_1_80' title='bbox 879 1083 1038 1144; x_wconf 81' lang='lat' dir='ltr'><strong>fortissime</strong></span> <span class='ocrx_word' id='word_1_81' title='bbox 1056 1083 1176 1155; x_wconf 75' lang='lat' dir='ltr'><strong>restitit:</strong></span> <span class='ocrx_word' id='word_1_82' title='bbox 1200 1103 1267 1144; x_wconf 80' lang='lat' dir='ltr'><strong>erun</strong></span> 
     </span>
     <span class='ocr_line' id='line_1_10' title="bbox 206 1166 1266 1246; baseline 0.002 -20"><span class='ocrx_word' id='word_1_83' title='bbox 206 1167 418 1226; x_wconf 89' lang='lat' dir='ltr'><strong>circumventus</strong></span> <span class='ocrx_word' id='word_1_84' title='bbox 429 1166 529 1228; x_wconf 88' lang='lat' dir='ltr'><strong>multis</strong></span> <span class='ocrx_word' id='word_1_85' title='bbox 540 1166 708 1226; x_wconf 89' lang='lat' dir='ltr'><strong>vulneribus</strong></span> <span class='ocrx_word' id='word_1_86' title='bbox 720 1166 846 1245; x_wconf 83' lang='lat' dir='ltr'><strong>acceptis</strong></span> <span class='ocrx_word' id='word_1_87' title='bbox 859 1167 1018 1241; x_wconf 78' lang='lat' dir='ltr'><strong>cecidisset</strong></span> <span class='ocrx_word' id='word_1_88' title='bbox 1033 1175 1118 1246; x_wconf 88' lang='lat' dir='ltr'><strong>atque</strong></span> <span class='ocrx_word' id='word_1_89' title='bbox 1128 1168 1158 1228; x_wconf 93' lang='lat' dir='ltr'><strong>id</strong></span> <span class='ocrx_word' id='word_1_90' title='bbox 1170 1169 1266 1242; x_wconf 80' lang='lat' dir='ltr'><strong>irater,</strong></span> 
     </span>
     <span class='ocr_line' id='line_1_11' title="bbox 205 1249 1266 1330; baseline 0.004 -22"><span class='ocrx_word' id='word_1_91' title='bbox 205 1249 254 1328; x_wconf 92' lang='lat' dir='ltr'><strong>qui</strong></span> <span class='ocrx_word' id='word_1_92' title='bbox 269 1251 326 1309; x_wconf 85' lang='lat' dir='ltr'><strong>iam</strong></span> <span class='ocrx_word' id='word_1_93' title='bbox 341 1250 453 1327; x_wconf 91' lang='lat' dir='ltr'><strong>proelio</strong></span> <span class='ocrx_word' id='word_1_94' title='bbox 468 1258 644 1322; x_wconf 82' lang='lat' dir='ltr'><strong>excesserat,</strong></span> <span class='ocrx_word' id='word_1_95' title='bbox 660 1252 764 1328; x_wconf 87' lang='lat' dir='ltr'><strong>procui</strong></span> <span class='ocrx_word' id='word_1_96' title='bbox 778 1251 1040 1326; x_wconf 87' lang='lat' dir='ltr'><strong>animadvertisset,</strong></span> <span class='ocrx_word' id='word_1_97' title='bbox 1055 1253 1174 1312; x_wconf 89' lang='lat' dir='ltr'><strong>incitato</strong></span> <span class='ocrx_word' id='word_1_98' title='bbox 1190 1271 1266 1330; x_wconf 82' lang='lat' dir='ltr'><strong>equo</strong></span> 
     </span>
     <span class='ocr_line' id='line_1_12' title="bbox 206 1333 1148 1414; baseline 0.002 -20"><span class='ocrx_word' id='word_1_99' title='bbox 206 1353 238 1394; x_wconf 93' lang='lat' dir='ltr'><strong>se</strong></span> <span class='ocrx_word' id='word_1_100' title='bbox 252 1333 388 1394; x_wconf 86' lang='lat' dir='ltr'><strong>hostibus</strong></span> <span class='ocrx_word' id='word_1_101' title='bbox 404 1335 507 1394; x_wconf 92' lang='lat' dir='ltr'><strong>obtulit</strong></span> <span class='ocrx_word' id='word_1_102' title='bbox 521 1343 606 1414; x_wconf 92' lang='lat' dir='ltr'><strong>atque</strong></span> <span class='ocrx_word' id='word_1_103' title='bbox 620 1335 787 1396; x_wconf 87' lang='lat' dir='ltr'><strong>interiectus</strong></span> <span class='ocrx_word' id='word_1_104' title='bbox 803 1343 855 1396; x_wconf 90' lang='lat' dir='ltr'><strong>est.</strong></span> <span class='ocrx_word' id='word_1_105' title='bbox 1143 1353 1148 1359; x_wconf 85' lang='lat'><em>·</em></span> 
     </span>
     <span class='ocr_line' id='line_1_13' title="bbox 291 1418 1266 1499; baseline 0.002 -21"><span class='ocrx_word' id='word_1_106' title='bbox 291 1422 343 1484; x_wconf 81' lang='lat'><strong>13.</strong></span> <span class='ocrx_word' id='word_1_107' title='bbox 375 1418 440 1478; x_wconf 92' lang='lat' dir='ltr'><strong>Hoc</strong></span> <span class='ocrx_word' id='word_1_108' title='bbox 462 1421 537 1480; x_wconf 84' lang='lat' dir='ltr'><strong>sacto</strong></span> <span class='ocrx_word' id='word_1_109' title='bbox 563 1418 673 1497; x_wconf 90' lang='lat' dir='ltr'><strong>proelio</strong></span> <span class='ocrx_word' id='word_1_110' title='bbox 695 1419 800 1480; x_wconf 87' lang='lat' dir='ltr'><strong>Caesar</strong></span> <span class='ocrx_word' id='word_1_111' title='bbox 818 1439 912 1499; x_wconf 86' lang='lat' dir='ltr'><strong>neque</strong></span> <span class='ocrx_word' id='word_1_112' title='bbox 930 1421 988 1481; x_wconf 88' lang='lat' dir='ltr'><strong>iam</strong></span> <span class='ocrx_word' id='word_1_113' title='bbox 1008 1420 1064 1480; x_wconf 93' lang='lat' dir='ltr'><strong>sibi</strong></span> <span class='ocrx_word' id='word_1_114' title='bbox 1082 1421 1193 1498; x_wconf 82' lang='lat' dir='ltr'><strong>legatos</strong></span> <span class='ocrx_word' id='word_1_115' title='bbox 1213 1440 1266 1480; x_wconf 89' lang='lat' dir='ltr'><strong>au-</strong></span> 
     </span>
     <span class='ocr_line' id='line_1_14' title="bbox 205 1502 1265 1582; baseline 0.002 -20"><span class='ocrx_word' id='word_1_116' title='bbox 205 1502 328 1563; x_wconf 90' lang='lat' dir='ltr'><strong>diendos</strong></span> <span class='ocrx_word' id='word_1_117' title='bbox 353 1520 446 1582; x_wconf 90' lang='lat' dir='ltr'><strong>neque</strong></span> <span class='ocrx_word' id='word_1_118' title='bbox 466 1504 653 1564; x_wconf 85' lang='lat' dir='ltr'><strong>condiciones</strong></span> <span class='ocrx_word' id='word_1_119' title='bbox 673 1504 856 1582; x_wconf 86' lang='lat' dir='ltr'><strong>accipiendas</strong></span> <span class='ocrx_word' id='word_1_120' title='bbox 877 1505 1067 1565; x_wconf 78' lang='lat' dir='ltr'><strong>arbitrabatur</strong></span> <span class='ocrx_word' id='word_1_121' title='bbox 1087 1505 1122 1566; x_wconf 89' lang='lat' dir='ltr'><strong>ab</strong></span> <span class='ocrx_word' id='word_1_122' title='bbox 1142 1504 1191 1578; x_wconf 92' lang='lat' dir='ltr'><strong>iis,</strong></span> <span class='ocrx_word' id='word_1_123' title='bbox 1216 1505 1265 1582; x_wconf 87' lang='lat' dir='ltr'><strong>qui</strong></span> 
     </span>
     <span class='ocr_line' id='line_1_15' title="bbox 168 1587 1265 1667; baseline 0 -18"><span class='ocrx_word' id='word_1_124' title='bbox 168 1599 184 1649; x_wconf 86' lang='lat'><strong>2</strong></span> <span class='ocrx_word' id='word_1_125' title='bbox 205 1607 258 1667; x_wconf 92' lang='lat' dir='ltr'><strong>per</strong></span> <span class='ocrx_word' id='word_1_126' title='bbox 272 1587 373 1648; x_wconf 91' lang='lat' dir='ltr'><strong>dolum</strong></span> <span class='ocrx_word' id='word_1_127' title='bbox 388 1595 472 1666; x_wconf 85' lang='lat' dir='ltr'><strong>atque</strong></span> <span class='ocrx_word' id='word_1_128' title='bbox 487 1588 606 1648; x_wconf 92' lang='lat' dir='ltr'><strong>insidias</strong></span> <span class='ocrx_word' id='word_1_129' title='bbox 622 1587 709 1666; x_wconf 89' lang='lat' dir='ltr'><strong>petita</strong></span> <span class='ocrx_word' id='word_1_130' title='bbox 724 1608 794 1667; x_wconf 86' lang='lat' dir='ltr'><strong>pace</strong></span> <span class='ocrx_word' id='word_1_131' title='bbox 808 1591 884 1650; x_wconf 85' lang='lat' dir='ltr'><strong>uitro</strong></span> <span class='ocrx_word' id='word_1_132' title='bbox 900 1590 1007 1650; x_wconf 92' lang='lat' dir='ltr'><strong>bellurn</strong></span> <span class='ocrx_word' id='word_1_133' title='bbox 1018 1589 1199 1649; x_wconf 85' lang='lat' dir='ltr'><strong>intulissent:</strong></span> <span class='ocrx_word' id='word_1_134' title='bbox 1215 1608 1265 1649; x_wconf 84' lang='lat' dir='ltr'><strong>ex-</strong></span> 
     </span>
     <span class='ocr_line' id='line_1_16' title="bbox 205 1673 1265 1752; baseline 0.002 -20"><span class='ocrx_word' id='word_1_135' title='bbox 205 1680 335 1751; x_wconf 89' lang='lat' dir='ltr'><strong>spectare</strong></span> <span class='ocrx_word' id='word_1_136' title='bbox 354 1691 436 1745; x_wconf 88' lang='lat' dir='ltr'><strong>vero,</strong></span> <span class='ocrx_word' id='word_1_137' title='bbox 457 1673 527 1733; x_wconf 92' lang='lat' dir='ltr'><strong>dum</strong></span> <span class='ocrx_word' id='word_1_138' title='bbox 546 1673 678 1732; x_wconf 89' lang='lat' dir='ltr'><strong>bostium</strong></span> <span class='ocrx_word' id='word_1_139' title='bbox 699 1673 798 1752; x_wconf 83' lang='lat' dir='ltr'><strong>copiae</strong></span> <span class='ocrx_word' id='word_1_140' title='bbox 814 1682 988 1752; x_wconf 86' lang='lat' dir='ltr'><strong>augerentur</strong></span> <span class='ocrx_word' id='word_1_141' title='bbox 1002 1673 1203 1752; x_wconf 87' lang='lat' dir='ltr'><strong>equitatusque</strong></span> <span class='ocrx_word' id='word_1_142' title='bbox 1218 1693 1265 1734; x_wconf 88' lang='lat' dir='ltr'><strong>re-</strong></span> 
     </span>
     <span class='ocr_line' id='line_1_17' title="bbox 169 1757 1265 1836; baseline 0.002 -20"><span class='ocrx_word' id='word_1_143' title='bbox 169 1766 184 1815; x_wconf 87' lang='lat'><strong>3</strong></span> <span class='ocrx_word' id='word_1_144' title='bbox 204 1764 370 1829; x_wconf 85' lang='lat' dir='ltr'><strong>verteretur,</strong></span> <span class='ocrx_word' id='word_1_145' title='bbox 386 1775 518 1816; x_wconf 88' lang='lat' dir='ltr'><strong>summae</strong></span> <span class='ocrx_word' id='word_1_146' title='bbox 532 1757 692 1817; x_wconf 83' lang='lat' dir='ltr'><strong>dementiae</strong></span> <span class='ocrx_word' id='word_1_147' title='bbox 708 1777 772 1818; x_wconf 92' lang='lat' dir='ltr'><strong>esse</strong></span> <span class='ocrx_word' id='word_1_148' title='bbox 786 1758 937 1832; x_wconf 90' lang='lat' dir='ltr'><strong>iudicabat,</strong></span> <span class='ocrx_word' id='word_1_149' title='bbox 948 1767 976 1819; x_wconf 90' lang='lat' dir='ltr'><strong>et</strong></span> <span class='ocrx_word' id='word_1_150' title='bbox 991 1758 1105 1836; x_wconf 85' lang='lat' dir='ltr'><strong>cognita</strong></span> <span class='ocrx_word' id='word_1_151' title='bbox 1116 1759 1265 1818; x_wconf 81' lang='lat' dir='ltr'><strong>Gatiorum</strong></span> 
     </span>
     <span class='ocr_line' id='line_1_18' title="bbox 205 1840 1263 1920; baseline 0.002 -20"><span class='ocrx_word' id='word_1_152' title='bbox 205 1840 385 1913; x_wconf 89' lang='lat' dir='ltr'><strong>infirmitate,</strong></span> <span class='ocrx_word' id='word_1_153' title='bbox 405 1849 547 1919; x_wconf 88' lang='lat' dir='ltr'><strong>quantum</strong></span> <span class='ocrx_word' id='word_1_154' title='bbox 566 1841 625 1900; x_wconf 88' lang='lat' dir='ltr'><strong>iam</strong></span> <span class='ocrx_word' id='word_1_155' title='bbox 645 1843 722 1919; x_wconf 89' lang='lat' dir='ltr'><strong>apud</strong></span> <span class='ocrx_word' id='word_1_156' title='bbox 738 1861 789 1902; x_wconf 88' lang='lat' dir='ltr'><strong>eos</strong></span> <span class='ocrx_word' id='word_1_157' title='bbox 805 1844 906 1903; x_wconf 91' lang='lat' dir='ltr'><strong>hostes</strong></span> <span class='ocrx_word' id='word_1_158' title='bbox 921 1861 982 1902; x_wconf 93' lang='lat' dir='ltr'><strong>uno</strong></span> <span class='ocrx_word' id='word_1_159' title='bbox 1002 1842 1114 1920; x_wconf 89' lang='lat' dir='ltr'><strong>proelio</strong></span> <span class='ocrx_word' id='word_1_160' title='bbox 1135 1842 1263 1904; x_wconf 88' lang='lat' dir='ltr'><strong>auctori-</strong></span> 
     </span>
     <span class='ocr_line' id='line_1_19' title="bbox 204 1921 1300 2005; baseline 0.003 -21"><span class='ocrx_word' id='word_1_161' title='bbox 204 1925 272 1985; x_wconf 88' lang='lat' dir='ltr'><strong>tatis</strong></span> <span class='ocrx_word' id='word_1_162' title='bbox 298 1933 396 1984; x_wconf 88' lang='lat' dir='ltr'><strong>essent</strong></span> <span class='ocrx_word' id='word_1_163' title='bbox 420 1925 582 1998; x_wconf 85' lang='lat' dir='ltr'><strong>consecuti,</strong></span> <span class='ocrx_word' id='word_1_164' title='bbox 609 1925 764 1999; x_wconf 68' lang='lat' dir='ltr'><strong>sentiebat,</strong></span> <span class='ocrx_word' id='word_1_165' title='bbox 797 1927 902 2005; x_wconf 85' lang='lat' dir='ltr'><strong>quibus</strong></span> <span class='ocrx_word' id='word_1_166' title='bbox 928 1927 964 1987; x_wconf 93' lang='lat' dir='ltr'><strong>ad</strong></span> <span class='ocrx_word' id='word_1_167' title='bbox 985 1927 1105 1986; x_wconf 89' lang='lat' dir='ltr'><strong>consilia</strong></span> <span class='ocrx_word' id='word_1_168' title='bbox 1126 1927 1266 2005; x_wconf 90' lang='lat' dir='ltr'><strong>capienda</strong></span> <span class='ocrx_word' id='word_1_169' title='bbox 1295 1921 1300 1928; x_wconf 73' lang='grc'><strong>’</strong></span> 
     </span>
     <span class='ocr_line' id='line_1_20' title="bbox 168 2008 1263 2086; baseline 0.005 -22"><span class='ocrx_word' id='word_1_170' title='bbox 168 2015 185 2064; x_wconf 92' lang='grc'>4</span> <span class='ocrx_word' id='word_1_171' title='bbox 204 2008 277 2068; x_wconf 92' lang='lat' dir='ltr'><strong>nihil</strong></span> <span class='ocrx_word' id='word_1_172' title='bbox 292 2008 376 2086; x_wconf 92' lang='lat' dir='ltr'><strong>spatii</strong></span> <span class='ocrx_word' id='word_1_173' title='bbox 392 2009 521 2068; x_wconf 90' lang='lat' dir='ltr'><strong>dandum</strong></span> <span class='ocrx_word' id='word_1_174' title='bbox 536 2009 724 2070; x_wconf 90' lang='lat' dir='ltr'><strong>existimabat.</strong></span> <span class='ocrx_word' id='word_1_175' title='bbox 751 2011 803 2071; x_wconf 92' lang='lat' dir='ltr'><strong>His</strong></span> <span class='ocrx_word' id='word_1_176' title='bbox 819 2011 983 2070; x_wconf 90' lang='lat' dir='ltr'><strong>constitutis</strong></span> <span class='ocrx_word' id='word_1_177' title='bbox 999 2011 1086 2072; x_wconf 89' lang='lat' dir='ltr'><strong>rebus</strong></span> <span class='ocrx_word' id='word_1_178' title='bbox 1101 2018 1129 2070; x_wconf 90' lang='lat' dir='ltr'><strong>et</strong></span> <span class='ocrx_word' id='word_1_179' title='bbox 1141 2011 1263 2071; x_wconf 87' lang='lat' dir='ltr'><strong>consilio</strong></span> 
     </span>
     <span class='ocr_line' id='line_1_21' title="bbox 206 2093 1265 2174; baseline 0.002 -22"><span class='ocrx_word' id='word_1_180' title='bbox 206 2111 274 2153; x_wconf 91' lang='lat' dir='ltr'><strong>cum</strong></span> <span class='ocrx_word' id='word_1_181' title='bbox 299 2093 399 2169; x_wconf 86' lang='lat' dir='ltr'><strong>legatis</strong></span> <span class='ocrx_word' id='word_1_182' title='bbox 419 2100 447 2151; x_wconf 87' lang='lat' dir='ltr'><strong>et</strong></span> <span class='ocrx_word' id='word_1_183' title='bbox 466 2101 619 2171; x_wconf 88' lang='lat' dir='ltr'><strong>quaestore</strong></span> <span class='ocrx_word' id='word_1_184' title='bbox 638 2094 864 2167; x_wconf 90' lang='lat' dir='ltr'><strong>communicato,</strong></span> <span class='ocrx_word' id='word_1_185' title='bbox 889 2113 927 2155; x_wconf 90' lang='lat' dir='ltr'><strong>ne</strong></span> <span class='ocrx_word' id='word_1_186' title='bbox 946 2114 1032 2174; x_wconf 89' lang='lat' dir='ltr'><strong>quem</strong></span> <span class='ocrx_word' id='word_1_187' title='bbox 1053 2095 1131 2154; x_wconf 92' lang='lat' dir='ltr'><strong>diem</strong></span> <span class='ocrx_word' id='word_1_188' title='bbox 1151 2113 1265 2174; x_wconf 85' lang='lat' dir='ltr'><strong>pugnae</strong></span> 
     </span>
     <span class='ocr_line' id='line_1_22' title="bbox 205 2176 1264 2258; baseline 0.003 -22"><span class='ocrx_word' id='word_1_189' title='bbox 205 2176 458 2256; x_wconf 88' lang='lat' dir='ltr'><strong>praetermitteret,</strong></span> <span class='ocrx_word' id='word_1_190' title='bbox 479 2177 731 2256; x_wconf 90' lang='lat' dir='ltr'><strong>opportunissima</strong></span> <span class='ocrx_word' id='word_1_191' title='bbox 749 2198 796 2239; x_wconf 91' lang='lat' dir='ltr'><strong>res</strong></span> <span class='ocrx_word' id='word_1_192' title='bbox 816 2179 932 2254; x_wconf 89' lang='lat' dir='ltr'><strong>accidit,</strong></span> <span class='ocrx_word' id='word_1_193' title='bbox 952 2180 1030 2258; x_wconf 91' lang='lat' dir='ltr'><strong>quod</strong></span> <span class='ocrx_word' id='word_1_194' title='bbox 1045 2180 1188 2258; x_wconf 89' lang='lat' dir='ltr'><strong>postridie</strong></span> <span class='ocrx_word' id='word_1_195' title='bbox 1202 2180 1264 2240; x_wconf 89' lang='lat' dir='ltr'><strong>eius</strong></span> 
     </span>
    </p>
   </div>
   <div class='ocr_carea' id='block_1_3' title="bbox 204 2335 1338 4033">
    <p class='ocr_par' dir='ltr' id='par_1_3' title="bbox 204 2335 1338 4033">
     <span class='ocr_line' id='line_1_23' title="bbox 206 2335 1262 2416; baseline 0.003 -22"><span class='ocrx_word' id='word_1_196' title='bbox 206 2345 276 2394; x_wconf 89' lang='lat' dir='ltr'><strong>dient</strong></span> <span class='ocrx_word' id='word_1_197' title='bbox 287 2360 334 2394; x_wconf 87' lang='lat' dir='ltr'><strong>zur</strong></span> <span class='ocrx_word' id='word_1_198' title='bbox 342 2345 517 2408; x_wconf 81' lang='lat' dir='ltr'><strong>Bezeiobnung</strong></span> <span class='ocrx_word' id='word_1_199' title='bbox 526 2347 572 2395; x_wconf 92' lang='lat' dir='ltr'><strong>der</strong></span> <span class='ocrx_word' id='word_1_200' title='bbox 581 2347 709 2396; x_wconf 87' lang='lat' dir='ltr'><strong>schnellen</strong></span> <span class='ocrx_word' id='word_1_201' title='bbox 798 2335 849 2396; x_wconf 78' lang='grc'><strong>13.</strong></span> <span class='ocrx_word' id='word_1_202' title='bbox 874 2347 897 2396; x_wconf 89' lang='grc'><strong>1.</strong></span> <span class='ocrx_word' id='word_1_203' title='bbox 920 2347 1078 2398; x_wconf 74' lang='lat' dir='ltr'><strong>eortdo&#39;ciones</strong></span> <span class='ocrx_word' id='word_1_204' title='bbox 1095 2346 1262 2416; x_wconf 74' lang='lat' dir='ltr'><strong>accipiendos.</strong></span> 
     </span>
     <span class='ocr_line' id='line_1_24' title="bbox 205 2411 1263 2480; baseline 0.002 -18"><span class='ocrx_word' id='word_1_205' title='bbox 205 2412 455 2476; x_wconf 80' lang='lat' dir='ltr'><strong>Aut&#39;einnnderfolge.</strong></span> <span class='ocrx_word' id='word_1_206' title='bbox 490 2442 524 2450; x_wconf 86' lang='lat'><em>-</em></span> <span class='ocrx_word' id='word_1_207' title='bbox 552 2418 707 2480; x_wconf 69' lang='lat' dir='ltr'><strong>permittor</strong></span> <span class='ocrx_word' id='word_1_208' title='bbox 762 2411 831 2464; x_wconf 88' lang='lat' dir='ltr'><strong>Nacb</strong></span> <span class='ocrx_word' id='word_1_209' title='bbox 844 2431 865 2463; x_wconf 91' lang='lat' dir='ltr'><strong>c.</strong></span> <span class='ocrx_word' id='word_1_210' title='bbox 878 2413 917 2476; x_wconf 87' lang='lat'><strong>11,</strong></span> <span class='ocrx_word' id='word_1_211' title='bbox 930 2416 945 2463; x_wconf 82' lang='lat'>5</span> <span class='ocrx_word' id='word_1_212' title='bbox 958 2415 1050 2464; x_wconf 89' lang='lat' dir='ltr'><strong>sollten</strong></span> <span class='ocrx_word' id='word_1_213' title='bbox 1063 2415 1263 2478; x_wconf 81' lang='lat' dir='ltr'><strong>sicamfolgen-</strong></span> 
     </span>
     <span class='ocr_line' id='line_1_25' title="bbox 206 2475 1338 2545; baseline 0.004 -16"><span class='ocrx_word' id='word_1_214' title='bbox 206 2484 324 2544; x_wconf 73' lang='lat' dir='ltr'><strong>egereret.</strong></span> <span class='ocrx_word' id='word_1_215' title='bbox 352 2480 422 2531; x_wconf 84' lang='lat' dir='ltr'><strong>Ganz</strong></span> <span class='ocrx_word' id='word_1_216' title='bbox 444 2481 578 2543; x_wconf 81' lang='lat' dir='ltr'><strong>cigentlieb</strong></span> <span class='ocrx_word' id='word_1_217' title='bbox 599 2483 648 2530; x_wconf 90' lang='lat' dir='ltr'><strong>und</strong></span> <span class='ocrx_word' id='word_1_218' title='bbox 669 2481 708 2530; x_wconf 89' lang='lat' dir='ltr'><strong>als</strong></span> <span class='ocrx_word' id='word_1_219' title='bbox 762 2483 810 2530; x_wconf 91' lang='lat' dir='ltr'><strong>den</strong></span> <span class='ocrx_word' id='word_1_220' title='bbox 827 2481 881 2544; x_wconf 79' lang='lat' dir='ltr'><strong>Tag</strong></span> <span class='ocrx_word' id='word_1_221' title='bbox 893 2475 1114 2545; x_wconf 79' lang='lat' dir='ltr'><strong>wiederkommen,</strong></span> <span class='ocrx_word' id='word_1_222' title='bbox 1131 2487 1162 2533; x_wconf 82' lang='lat' dir='ltr'><strong>ut</strong></span> <span class='ocrx_word' id='word_1_223' title='bbox 1178 2483 1209 2532; x_wconf 88' lang='lat' dir='ltr'><strong>de</strong></span> <span class='ocrx_word' id='word_1_224' title='bbox 1221 2498 1264 2532; x_wconf 88' lang='lat' dir='ltr'><strong>eo·</strong></span> <span class='ocrx_word' id='word_1_225' title='bbox 1330 2486 1338 2506; x_wconf 79' lang='lat'>⁵</span> 
     </span>
     <span class='ocr_line' id='line_1_26' title="bbox 205 2547 1266 2616; baseline 0.004 -20"><span class='ocrx_word' id='word_1_226' title='bbox 205 2547 324 2610; x_wconf 67' lang='lat' dir='ltr'><strong>nroitere,</strong></span> <span class='ocrx_word' id='word_1_227' title='bbox 345 2549 528 2598; x_wconf 76' lang='lat' dir='ltr'><strong>versttrkende</strong></span> <span class='ocrx_word' id='word_1_228' title='bbox 546 2548 725 2611; x_wconf 77' lang='lat' dir='ltr'><strong>Ausrunmng·</strong></span> <span class='ocrx_word' id='word_1_229' title='bbox 760 2565 821 2598; x_wconf 82' lang='lat' dir='ltr'><strong>rum</strong></span> <span class='ocrx_word' id='word_1_230' title='bbox 838 2549 976 2616; x_wconf 76' lang='lat' dir='ltr'><strong>postulatis</strong></span> <span class='ocrx_word' id='word_1_231' title='bbox 999 2550 1036 2611; x_wconf 83' lang='lat' dir='ltr'><strong>(in</strong></span> <span class='ocrx_word' id='word_1_232' title='bbox 1058 2549 1202 2612; x_wconf 78' lang='lat' dir='ltr'><strong>beziebung</strong></span> <span class='ocrx_word' id='word_1_233' title='bbox 1221 2548 1266 2600; x_wconf 84' lang='lat' dir='ltr'><strong>auf</strong></span> 
     </span>
     <span class='ocr_line' id='line_1_27' title="bbox 207 2616 1262 2680; baseline 0.003 -17"><span class='ocrx_word' id='word_1_234' title='bbox 207 2616 251 2664; x_wconf 92' lang='lat' dir='ltr'><strong>des</strong></span> <span class='ocrx_word' id='word_1_235' title='bbox 263 2617 395 2680; x_wconf 71' lang='lat' dir='ltr'><strong>injirgam</strong></span> <span class='ocrx_word' id='word_1_236' title='bbox 406 2619 499 2666; x_wconf 83' lang='lat' dir='ltr'><strong>conice.</strong></span> <span class='ocrx_word' id='word_1_237' title='bbox 512 2632 544 2664; x_wconf 84' lang='lat' dir='ltr'><strong>zu</strong></span> <span class='ocrx_word' id='word_1_238' title='bbox 556 2617 660 2666; x_wconf 88' lang='lat' dir='ltr'><strong>nebmen</strong></span> <span class='ocrx_word' id='word_1_239' title='bbox 672 2637 709 2670; x_wconf 51' lang='lat' dir='ltr'><strong>a:</strong></span> <span class='ocrx_word' id='word_1_240' title='bbox 761 2617 801 2666; x_wconf 87' lang='lat' dir='ltr'><strong>die</strong></span> <span class='ocrx_word' id='word_1_241' title='bbox 813 2617 974 2679; x_wconf 81' lang='lat' dir='ltr'><strong>Versetzung</strong></span> <span class='ocrx_word' id='word_1_242' title='bbox 985 2618 1023 2666; x_wconf 92' lang='lat' dir='ltr'><strong>ins</strong></span> <span class='ocrx_word' id='word_1_243' title='bbox 1035 2616 1105 2666; x_wconf 91' lang='lat' dir='ltr'><strong>Land</strong></span> <span class='ocrx_word' id='word_1_244' title='bbox 1117 2618 1163 2666; x_wconf 87' lang='lat' dir='ltr'><strong>der</strong></span> <span class='ocrx_word' id='word_1_245' title='bbox 1175 2617 1262 2676; x_wconf 76' lang='lat' dir='ltr'><strong>Ubiert</strong></span> 
     </span>
     <span class='ocr_line' id='line_1_28' title="bbox 206 2681 1262 2752; baseline 0.005 -22"><span class='ocrx_word' id='word_1_246' title='bbox 206 2681 244 2731; x_wconf 90' lang='lat' dir='ltr'><strong>sie</strong></span> <span class='ocrx_word' id='word_1_247' title='bbox 263 2682 374 2746; x_wconf 87' lang='lat' dir='ltr'><strong>trieben,</strong></span> <span class='ocrx_word' id='word_1_248' title='bbox 394 2683 483 2746; x_wconf 75' lang='lat' dir='ltr'><strong>jagten</strong></span> <span class='ocrx_word' id='word_1_249' title='bbox 502 2684 539 2732; x_wconf 91' lang='lat' dir='ltr'><strong>sie</strong></span> <span class='ocrx_word' id='word_1_250' title='bbox 561 2683 708 2734; x_wconf 86' lang='lat' dir='ltr'><strong>erscbreckt</strong></span> <span class='ocrx_word' id='word_1_251' title='bbox 761 2689 934 2748; x_wconf 71' lang='lat' dir='ltr'><strong>cognosceret.</strong></span> <span class='ocrx_word' id='word_1_252' title='bbox 947 2713 979 2720; x_wconf 91' lang='lat'>—</span> <span class='ocrx_word' id='word_1_253' title='bbox 990 2688 1159 2752; x_wconf 79' lang='lat' dir='ltr'><strong>petitapaee:</strong></span> <span class='ocrx_word' id='word_1_254' title='bbox 1185 2683 1262 2746; x_wconf 87' lang='lat'><strong>12,1.</strong></span> 
     </span>
     <span class='ocr_line' id='line_1_29' title="bbox 206 2750 1263 2818; baseline 0.001 -19"><span class='ocrx_word' id='word_1_255' title='bbox 206 2751 342 2800; x_wconf 80' lang='lat' dir='ltr'><strong>vorwiirts.</strong></span> <span class='ocrx_word' id='word_1_256' title='bbox 361 2751 384 2799; x_wconf 79' lang='lat'><strong>5.</strong></span> <span class='ocrx_word' id='word_1_257' title='bbox 399 2751 438 2812; x_wconf 82' lang='lat'><strong>17,</strong></span> <span class='ocrx_word' id='word_1_258' title='bbox 452 2751 480 2799; x_wconf 85' lang='lat'><strong>3:</strong></span> <span class='ocrx_word' id='word_1_259' title='bbox 495 2754 649 2818; x_wconf 81' lang='lat' dir='ltr'><strong>praecipites</strong></span> <span class='ocrx_word' id='word_1_260' title='bbox 661 2752 706 2800; x_wconf 86' lang='lat' dir='ltr'><strong>bo·</strong></span> <span class='ocrx_word' id='word_1_261' title='bbox 794 2750 875 2800; x_wconf 84' lang='lat' dir='ltr'><strong>2u.3.</strong></span> <span class='ocrx_word' id='word_1_262' title='bbox 886 2755 1157 2817; x_wconf 81' lang='lat' dir='ltr'><strong>equitatusquereoert.</strong></span> <span class='ocrx_word' id='word_1_263' title='bbox 1170 2751 1263 2801; x_wconf 79' lang='lat' dir='ltr'><strong>Erklii-</strong></span> 
     </span>
     <span class='ocr_line' id='line_1_30' title="bbox 206 2817 1263 2885; baseline 0.002 -19"><span class='ocrx_word' id='word_1_264' title='bbox 206 2821 260 2866; x_wconf 77' lang='lat' dir='ltr'><strong>stes</strong></span> <span class='ocrx_word' id='word_1_265' title='bbox 277 2821 394 2881; x_wconf 78' lang='lat' dir='ltr'><strong>egerunt.</strong></span> <span class='ocrx_word' id='word_1_266' title='bbox 417 2817 472 2868; x_wconf 89' lang='lat' dir='ltr'><strong>Liv.</strong></span> <span class='ocrx_word' id='word_1_267' title='bbox 485 2817 509 2865; x_wconf 86' lang='lat'><strong>2.</strong></span> <span class='ocrx_word' id='word_1_268' title='bbox 523 2817 568 2880; x_wconf 85' lang='lat'><strong>25,</strong></span> <span class='ocrx_word' id='word_1_269' title='bbox 581 2818 609 2866; x_wconf 82' lang='lat'><strong>4:</strong></span> <span class='ocrx_word' id='word_1_270' title='bbox 631 2835 706 2883; x_wconf 77' lang='lat' dir='ltr'><strong>eques</strong></span> <span class='ocrx_word' id='word_1_271' title='bbox 760 2819 854 2868; x_wconf 86' lang='lat' dir='ltr'><strong>render</strong></span> <span class='ocrx_word' id='word_1_272' title='bbox 862 2818 957 2869; x_wconf 86' lang='lat' dir='ltr'><strong>Zusatz</strong></span> <span class='ocrx_word' id='word_1_273' title='bbox 969 2821 1045 2868; x_wconf 88' lang='lat' dir='ltr'><strong>durch</strong></span> <span class='ocrx_word' id='word_1_274' title='bbox 1058 2821 1101 2868; x_wconf 92' lang='lat' dir='ltr'><strong>das</strong></span> <span class='ocrx_word' id='word_1_275' title='bbox 1111 2819 1263 2885; x_wconf 82' lang='lat' dir='ltr'><strong>explicative</strong></span> 
     </span>
     <span class='ocr_line' id='line_1_31' title="bbox 206 2884 1263 2950; baseline 0.003 -17"><span class='ocrx_word' id='word_1_276' title='bbox 206 2899 287 2948; x_wconf 75' lang='lat' dir='ltr'><strong>aerque</strong></span> <span class='ocrx_word' id='word_1_277' title='bbox 306 2884 341 2933; x_wconf 86' lang='lat' dir='ltr'><strong>ad</strong></span> <span class='ocrx_word' id='word_1_278' title='bbox 360 2889 447 2934; x_wconf 78' lang='lat' dir='ltr'><strong>eastra</strong></span> <span class='ocrx_word' id='word_1_279' title='bbox 463 2884 572 2949; x_wconf 71' lang='lat' dir='ltr'><strong>pavidos</strong></span> <span class='ocrx_word' id='word_1_280' title='bbox 592 2888 652 2948; x_wconf 70' lang='lat' dir='ltr'><strong>egit.</strong></span> <span class='ocrx_word' id='word_1_281' title='bbox 672 2914 707 2921; x_wconf 91' lang='lat'><em>-</em></span> <span class='ocrx_word' id='word_1_282' title='bbox 761 2901 815 2950; x_wconf 81' lang='lat' dir='ltr'><strong>que,</strong></span> <span class='ocrx_word' id='word_1_283' title='bbox 829 2887 859 2936; x_wconf 87' lang='lat' dir='ltr'><strong>da</strong></span> <span class='ocrx_word' id='word_1_284' title='bbox 872 2886 925 2935; x_wconf 90' lang='lat' dir='ltr'><strong>ibre</strong></span> <span class='ocrx_word' id='word_1_285' title='bbox 935 2886 1100 2936; x_wconf 78' lang='lat' dir='ltr'><strong>Streitkriiste</strong></span> <span class='ocrx_word' id='word_1_286' title='bbox 1110 2887 1173 2935; x_wconf 89' lang='lat' dir='ltr'><strong>eben</strong></span> <span class='ocrx_word' id='word_1_287' title='bbox 1185 2887 1263 2936; x_wconf 84' lang='lat' dir='ltr'><strong>durch</strong></span> 
     </span>
     <span class='ocr_line' id='line_1_32' title="bbox 206 2947 1262 3015; baseline 0.004 -17"><span class='ocrx_word' id='word_1_288' title='bbox 206 2947 295 3015; x_wconf 80' lang='lat' dir='ltr'><strong>cbmpl.</strong></span> <span class='ocrx_word' id='word_1_289' title='bbox 306 2955 419 3000; x_wconf 62' lang='lat' dir='ltr'><strong>nostres:</strong></span> <span class='ocrx_word' id='word_1_290' title='bbox 433 2951 454 2999; x_wconf 94' lang='lat'><strong>1.</strong></span> <span class='ocrx_word' id='word_1_291' title='bbox 468 2949 508 3012; x_wconf 89' lang='grc'><strong>52,</strong></span> <span class='ocrx_word' id='word_1_292' title='bbox 523 2951 546 3000; x_wconf 88' lang='grc'><strong>5.</strong></span> <span class='ocrx_word' id='word_1_293' title='bbox 702 2959 707 2967; x_wconf 85' lang='grc'><strong><em>’</em></strong></span> <span class='ocrx_word' id='word_1_294' title='bbox 761 2953 811 3002; x_wconf 62' lang='lat' dir='ltr'><strong>dic‘</strong></span> <span class='ocrx_word' id='word_1_295' title='bbox 828 2953 1069 3004; x_wconf 82' lang='lat' dir='ltr'><strong>zuriielrkebrenden</strong></span> <span class='ocrx_word' id='word_1_296' title='bbox 1090 2953 1180 3003; x_wconf 86' lang='lat' dir='ltr'><strong>Reiter</strong></span> <span class='ocrx_word' id='word_1_297' title='bbox 1202 2969 1262 3004; x_wconf 89' lang='lat' dir='ltr'><strong>ver-</strong></span> 
     </span>
     <span class='ocr_line' id='line_1_33' title="bbox 242 3017 1264 3085; baseline 0.005 -19"><span class='ocrx_word' id='word_1_298' title='bbox 242 3017 300 3066; x_wconf 91' lang='lat' dir='ltr'><strong>Wie</strong></span> <span class='ocrx_word' id='word_1_299' title='bbox 321 3017 342 3065; x_wconf 94' lang='lat'><strong>1.</strong></span> <span class='ocrx_word' id='word_1_300' title='bbox 366 3017 397 3065; x_wconf 88' lang='lat'><strong>15</strong></span> <span class='ocrx_word' id='word_1_301' title='bbox 415 3033 462 3066; x_wconf 93' lang='lat' dir='ltr'><strong>vor</strong></span> <span class='ocrx_word' id='word_1_302' title='bbox 484 3018 705 3084; x_wconf 68' lang='lat' dir='ltr'><strong>subnervatum,</strong></span> <span class='ocrx_word' id='word_1_303' title='bbox 761 3020 845 3070; x_wconf 78' lang='lat' dir='ltr'><strong>stiirkt</strong></span> <span class='ocrx_word' id='word_1_304' title='bbox 864 3023 968 3070; x_wconf 86' lang='lat' dir='ltr'><strong>werden</strong></span> <span class='ocrx_word' id='word_1_305' title='bbox 985 3021 1087 3071; x_wconf 87' lang='lat' dir='ltr'><strong>sollten.</strong></span> <span class='ocrx_word' id='word_1_306' title='bbox 1104 3049 1138 3057; x_wconf 94' lang='lat'><em>-</em></span> <span class='ocrx_word' id='word_1_307' title='bbox 1153 3022 1264 3085; x_wconf 80' lang='lat' dir='ltr'><strong>infirmt-</strong></span> 
     </span>
     <span class='ocr_line' id='line_1_34' title="bbox 205 3083 1264 3153; baseline 0.007 -22"><span class='ocrx_word' id='word_1_308' title='bbox 205 3083 275 3132; x_wconf 83' lang='lat' dir='ltr'><strong>nieht</strong></span> <span class='ocrx_word' id='word_1_309' title='bbox 292 3083 347 3131; x_wconf 88' lang='lat' dir='ltr'><strong>bier</strong></span> <span class='ocrx_word' id='word_1_310' title='bbox 367 3084 408 3132; x_wconf 90' lang='lat' dir='ltr'><strong>die</strong></span> <span class='ocrx_word' id='word_1_311' title='bbox 430 3099 509 3145; x_wconf 80' lang='lat' dir='ltr'><strong>ganze</strong></span> <span class='ocrx_word' id='word_1_312' title='bbox 527 3083 639 3134; x_wconf 87' lang='lat' dir='ltr'><strong>Reiterei</strong></span> <span class='ocrx_word' id='word_1_313' title='bbox 660 3102 708 3134; x_wconf 90' lang='lat' dir='ltr'><strong>vor</strong></span> <span class='ocrx_word' id='word_1_314' title='bbox 762 3091 829 3138; x_wconf 78' lang='lat' dir='ltr'><strong>tate:</strong></span> <span class='ocrx_word' id='word_1_315' title='bbox 850 3087 915 3150; x_wconf 80' lang='lat'><strong>5,1‚</strong></span> <span class='ocrx_word' id='word_1_316' title='bbox 933 3117 968 3124; x_wconf 90' lang='lat'><em>-</em></span> <span class='ocrx_word' id='word_1_317' title='bbox 988 3091 1078 3153; x_wconf 81' lang='lat' dir='ltr'><strong>quibus</strong></span> <span class='ocrx_word' id='word_1_318' title='bbox 1098 3091 1264 3140; x_wconf 69' lang='lat' dir='ltr'><strong>existimabat</strong></span> 
     </span>
     <span class='ocr_line' id='line_1_35' title="bbox 207 3148 1261 3218; baseline 0.006 -20"><span class='ocrx_word' id='word_1_319' title='bbox 207 3150 257 3199; x_wconf 82' lang='lat'><strong>800</strong></span> <span class='ocrx_word' id='word_1_320' title='bbox 263 3148 411 3199; x_wconf 86' lang='lat' dir='ltr'><strong>Germanen.</strong></span> <span class='ocrx_word' id='word_1_321' title='bbox 426 3150 571 3214; x_wconf 78' lang='lat' dir='ltr'><strong>Alterdings</strong></span> <span class='ocrx_word' id='word_1_322' title='bbox 581 3160 638 3216; x_wconf 80' lang='lat' dir='ltr'><strong>sagt</strong></span> <span class='ocrx_word' id='word_1_323' title='bbox 648 3152 707 3202; x_wconf 87' lang='lat' dir='ltr'><strong>Tac.</strong></span> <span class='ocrx_word' id='word_1_324' title='bbox 762 3155 859 3204; x_wconf 75' lang='lat' dir='ltr'><strong>entbdlt</strong></span> <span class='ocrx_word' id='word_1_325' title='bbox 874 3155 930 3204; x_wconf 88' lang='lat' dir='ltr'><strong>eine</strong></span> <span class='ocrx_word' id='word_1_326' title='bbox 946 3155 1025 3218; x_wconf 77' lang='lat' dir='ltr'><strong>Folge</strong></span> <span class='ocrx_word' id='word_1_327' title='bbox 1039 3157 1083 3204; x_wconf 86' lang='lat' dir='ltr'><strong>des</strong></span> <span class='ocrx_word' id='word_1_328' title='bbox 1095 3155 1261 3218; x_wconf 73' lang='lat' dir='ltr'><strong>Vcrhcrgeh,</strong></span> 
     </span>
     <span class='ocr_line' id='line_1_36' title="bbox 207 3216 1262 3288; baseline 0.005 -21"><span class='ocrx_word' id='word_1_329' title='bbox 207 3216 292 3267; x_wconf 85' lang='lat' dir='ltr'><strong>Germ.</strong></span> <span class='ocrx_word' id='word_1_330' title='bbox 305 3216 348 3266; x_wconf 80' lang='lat'><strong>32:</strong></span> <span class='ocrx_word' id='word_1_331' title='bbox 375 3216 493 3268; x_wconf 70' lang='lat' dir='ltr'><strong>Tencteri</strong></span> <span class='ocrx_word' id='word_1_332' title='bbox 506 3233 585 3286; x_wconf 80' lang='lat' dir='ltr'><strong>super</strong></span> <span class='ocrx_word' id='word_1_333' title='bbox 604 3220 708 3270; x_wconf 79' lang='lat' dir='ltr'><strong>solitum</strong></span> <span class='ocrx_word' id='word_1_334' title='bbox 761 3235 814 3270; x_wconf 88' lang='lat' dir='ltr'><strong>was</strong></span> <span class='ocrx_word' id='word_1_335' title='bbox 833 3223 909 3271; x_wconf 89' lang='lat' dir='ltr'><strong>durcb</strong></span> <span class='ocrx_word' id='word_1_336' title='bbox 929 3223 984 3272; x_wconf 91' lang='lat' dir='ltr'><strong>eine</strong></span> <span class='ocrx_word' id='word_1_337' title='bbox 1007 3224 1129 3288; x_wconf 88' lang='lat' dir='ltr'><strong>passende</strong></span> <span class='ocrx_word' id='word_1_338' title='bbox 1147 3222 1262 3273; x_wconf 77' lang='lat' dir='ltr'><strong>Parcite!</strong></span> 
     </span>
     <span class='ocr_line' id='line_1_37' title="bbox 207 3283 1005 3354; baseline 0.006 -20"><span class='ocrx_word' id='word_1_339' title='bbox 207 3283 330 3334; x_wconf 69' lang='lat' dir='ltr'><strong>bodasem</strong></span> <span class='ocrx_word' id='word_1_340' title='bbox 338 3285 415 3336; x_wconf 84' lang='lat' dir='ltr'><strong>docus</strong></span> <span class='ocrx_word' id='word_1_341' title='bbox 424 3289 550 3351; x_wconf 62' lang='lat' dir='ltr'><strong>equestris</strong></span> <span class='ocrx_word' id='word_1_342' title='bbox 562 3287 708 3354; x_wconf 73' lang='lat' dir='ltr'><strong>diseipbizac</strong></span> <span class='ocrx_word' id='word_1_343' title='bbox 760 3289 950 3338; x_wconf 85' lang='lat' dir='ltr'><strong>euszudriioken</strong></span> <span class='ocrx_word' id='word_1_344' title='bbox 962 3289 1005 3339; x_wconf 87' lang='lat' dir='ltr'><strong>ist.</strong></span> 
     </span>
     <span class='ocr_line' id='line_1_38' title="bbox 205 3353 1262 3424; baseline 0.005 -21"><span class='ocrx_word' id='word_1_345' title='bbox 205 3357 263 3403; x_wconf 83' lang='lat' dir='ltr'><strong>arte</strong></span> <span class='ocrx_word' id='word_1_346' title='bbox 273 3353 437 3420; x_wconf 80' lang='lat' dir='ltr'><strong>praecellunt.</strong></span> <span class='ocrx_word' id='word_1_347' title='bbox 457 3354 504 3402; x_wconf 87' lang='lat' dir='ltr'><strong>Die</strong></span> <span class='ocrx_word' id='word_1_348' title='bbox 517 3369 596 3416; x_wconf 81' lang='lat' dir='ltr'><strong>ganze</strong></span> <span class='ocrx_word' id='word_1_349' title='bbox 608 3354 707 3404; x_wconf 68' lang='grc' dir='ltr'><strong>111ιί11]-</strong></span> <span class='ocrx_word' id='word_1_350' title='bbox 795 3356 819 3405; x_wconf 86' lang='grc'><strong>4.</strong></span> <span class='ocrx_word' id='word_1_351' title='bbox 842 3371 875 3406; x_wconf 78' lang='lat' dir='ltr'><strong>rte</strong></span> <span class='ocrx_word' id='word_1_352' title='bbox 889 3359 1110 3424; x_wconf 82' lang='lat' dir='ltr'><strong>praetermitteret</strong></span> <span class='ocrx_word' id='word_1_353' title='bbox 1123 3357 1170 3406; x_wconf 86' lang='lat' dir='ltr'><strong>auf</strong></span> <span class='ocrx_word' id='word_1_354' title='bbox 1179 3361 1262 3408; x_wconf 63' lang='lat' dir='ltr'><strong>conm-</strong></span> 
     </span>
     <span class='ocr_line' id='line_1_39' title="bbox 205 3420 1261 3488; baseline 0.006 -18"><span class='ocrx_word' id='word_1_355' title='bbox 205 3420 267 3483; x_wconf 77' lang='lat' dir='ltr'><strong>leng</strong></span> <span class='ocrx_word' id='word_1_356' title='bbox 279 3421 323 3470; x_wconf 89' lang='lat' dir='ltr'><strong>des</strong></span> <span class='ocrx_word' id='word_1_357' title='bbox 335 3420 447 3470; x_wconf 83' lang='lat' dir='ltr'><strong>Vorfalls</strong></span> <span class='ocrx_word' id='word_1_358' title='bbox 459 3423 597 3486; x_wconf 82' lang='lat' dir='ltr'><strong>unterliegt</strong></span> <span class='ocrx_word' id='word_1_359' title='bbox 609 3437 637 3471; x_wconf 91' lang='lat' dir='ltr'><strong>so</strong></span> <span class='ocrx_word' id='word_1_360' title='bbox 649 3423 706 3472; x_wconf 88' lang='lat' dir='ltr'><strong>vie·</strong></span> <span class='ocrx_word' id='word_1_361' title='bbox 761 3422 794 3472; x_wconf 83' lang='lat' dir='ltr'><strong>lto</strong></span> <span class='ocrx_word' id='word_1_362' title='bbox 808 3439 840 3472; x_wconf 84' lang='lat' dir='ltr'><strong>zu</strong></span> <span class='ocrx_word' id='word_1_363' title='bbox 855 3424 989 3474; x_wconf 80' lang='lat' dir='ltr'><strong>bozichen:</strong></span> <span class='ocrx_word' id='word_1_364' title='bbox 1006 3425 1051 3473; x_wconf 89' lang='lat' dir='ltr'><strong>der</strong></span> <span class='ocrx_word' id='word_1_365' title='bbox 1062 3423 1137 3488; x_wconf 83' lang='lat' dir='ltr'><strong>Plan,</strong></span> <span class='ocrx_word' id='word_1_366' title='bbox 1154 3426 1201 3474; x_wconf 86' lang='lat' dir='ltr'><strong>der</strong></span> <span class='ocrx_word' id='word_1_367' title='bbox 1216 3426 1261 3476; x_wconf 84' lang='lat' dir='ltr'><strong>da·</strong></span> 
     </span>
     <span class='ocr_line' id='line_1_40' title="bbox 205 3487 1262 3555; baseline 0.006 -19"><span class='ocrx_word' id='word_1_368' title='bbox 205 3487 247 3537; x_wconf 90' lang='lat' dir='ltr'><strong>len</strong></span> <span class='ocrx_word' id='word_1_369' title='bbox 264 3489 409 3550; x_wconf 83' lang='lat' dir='ltr'><strong>Bedenken,</strong></span> <span class='ocrx_word' id='word_1_370' title='bbox 432 3491 490 3538; x_wconf 87' lang='lat' dir='ltr'><strong>dass</strong></span> <span class='ocrx_word' id='word_1_371' title='bbox 512 3504 567 3540; x_wconf 87' lang='lat' dir='ltr'><strong>man</strong></span> <span class='ocrx_word' id='word_1_372' title='bbox 588 3489 706 3542; x_wconf 85' lang='lat' dir='ltr'><strong>zwcifeln</strong></span> <span class='ocrx_word' id='word_1_373' title='bbox 760 3490 801 3540; x_wconf 90' lang='lat' dir='ltr'><strong>hin</strong></span> <span class='ocrx_word' id='word_1_374' title='bbox 819 3492 889 3555; x_wconf 82' lang='lat' dir='ltr'><strong>ging,</strong></span> <span class='ocrx_word' id='word_1_375' title='bbox 913 3493 971 3540; x_wconf 87' lang='lat' dir='ltr'><strong>dass</strong></span> <span class='ocrx_word' id='word_1_376' title='bbox 989 3507 1018 3540; x_wconf 89' lang='lat' dir='ltr'><strong>er</strong></span> <span class='ocrx_word' id='word_1_377' title='bbox 1035 3492 1103 3540; x_wconf 90' lang='lat' dir='ltr'><strong>nicbt</strong></span> <span class='ocrx_word' id='word_1_378' title='bbox 1124 3519 1171 3542; x_wconf 67' lang='grc'><strong>-.</strong></span> <span class='ocrx_word' id='word_1_379' title='bbox 1195 3491 1262 3542; x_wconf 73' lang='lat' dir='ltr'><strong>diem</strong></span> 
     </span>
     <span class='ocr_line' id='line_1_41' title="bbox 205 3555 1262 3625; baseline 0.004 -21"><span class='ocrx_word' id='word_1_380' title='bbox 205 3555 279 3618; x_wconf 79' lang='lat' dir='ltr'><strong>kann,</strong></span> <span class='ocrx_word' id='word_1_381' title='bbox 293 3556 324 3605; x_wconf 93' lang='lat' dir='ltr'><strong>ob</strong></span> <span class='ocrx_word' id='word_1_382' title='bbox 337 3556 376 3605; x_wconf 88' lang='lat' dir='ltr'><strong>die</strong></span> <span class='ocrx_word' id='word_1_383' title='bbox 390 3555 530 3606; x_wconf 85' lang='lat' dir='ltr'><strong>Germanen</strong></span> <span class='ocrx_word' id='word_1_384' title='bbox 542 3557 583 3607; x_wconf 91' lang='lat' dir='ltr'><strong>bei</strong></span> <span class='ocrx_word' id='word_1_385' title='bbox 596 3559 665 3607; x_wconf 90' lang='lat' dir='ltr'><strong>ihrer</strong></span> <span class='ocrx_word' id='word_1_386' title='bbox 677 3573 705 3606; x_wconf 89' lang='lat' dir='ltr'><strong>so</strong></span> <span class='ocrx_word' id='word_1_387' title='bbox 758 3574 876 3625; x_wconf 70' lang='lat' dir='ltr'><strong>pugnae:</strong></span> <span class='ocrx_word' id='word_1_388' title='bbox 902 3559 975 3608; x_wconf 88' lang='lat' dir='ltr'><strong>einen</strong></span> <span class='ocrx_word' id='word_1_389' title='bbox 999 3558 1051 3621; x_wconf 77' lang='lat' dir='ltr'><strong>Tag</strong></span> <span class='ocrx_word' id='word_1_390' title='bbox 1079 3561 1124 3608; x_wconf 87' lang='lat' dir='ltr'><strong>dcr</strong></span> <span class='ocrx_word' id='word_1_391' title='bbox 1146 3559 1262 3610; x_wconf 85' lang='lat' dir='ltr'><strong>Schlacbt</strong></span> 
     </span>
     <span class='ocr_line' id='line_1_42' title="bbox 205 3623 1261 3690; baseline 0.005 -19"><span class='ocrx_word' id='word_1_392' title='bbox 205 3623 328 3685; x_wconf 74' lang='lat' dir='ltr'><strong>geringen</strong></span> <span class='ocrx_word' id='word_1_393' title='bbox 347 3623 444 3674; x_wconf 85' lang='lat' dir='ltr'><strong>Anzabl</strong></span> <span class='ocrx_word' id='word_1_394' title='bbox 469 3625 531 3674; x_wconf 88' lang='lat' dir='ltr'><strong>oder</strong></span> <span class='ocrx_word' id='word_1_395' title='bbox 554 3625 594 3674; x_wconf 88' lang='lat' dir='ltr'><strong>die</strong></span> <span class='ocrx_word' id='word_1_396' title='bbox 614 3625 707 3675; x_wconf 84' lang='lat' dir='ltr'><strong>Rdmer</strong></span> <span class='ocrx_word' id='word_1_397' title='bbox 762 3626 843 3686; x_wconf 84' lang='lat' dir='ltr'><strong>(nicht</strong></span> <span class='ocrx_word' id='word_1_398' title='bbox 860 3626 948 3689; x_wconf 82' lang='lat' dir='ltr'><strong>Dativ)</strong></span> <span class='ocrx_word' id='word_1_399' title='bbox 968 3627 991 3675; x_wconf 85' lang='lat' dir='ltr'><strong>d.</strong></span> <span class='ocrx_word' id='word_1_400' title='bbox 1009 3626 1032 3675; x_wconf 90' lang='lat' dir='ltr'><strong>h.</strong></span> <span class='ocrx_word' id='word_1_401' title='bbox 1051 3626 1124 3675; x_wconf 90' lang='lat' dir='ltr'><strong>einen</strong></span> <span class='ocrx_word' id='word_1_402' title='bbox 1142 3626 1209 3690; x_wconf 78' lang='lat' dir='ltr'><strong>Tag,</strong></span> <span class='ocrx_word' id='word_1_403' title='bbox 1229 3642 1261 3676; x_wconf 89' lang='lat' dir='ltr'><strong>an</strong></span> 
     </span>
     <span class='ocr_line' id='line_1_43' title="bbox 206 3690 1260 3755; baseline 0.004 -16"><span class='ocrx_word' id='word_1_404' title='bbox 206 3691 254 3739; x_wconf 85' lang='lat' dir='ltr'><strong>den</strong></span> <span class='ocrx_word' id='word_1_405' title='bbox 278 3690 496 3742; x_wconf 84' lang='lat' dir='ltr'><strong>Zusamrnenstess</strong></span> <span class='ocrx_word' id='word_1_406' title='bbox 519 3691 707 3755; x_wconf 77' lang='lat' dir='ltr'><strong>berbeigeiiibrt</strong></span> <span class='ocrx_word' id='word_1_407' title='bbox 760 3694 816 3742; x_wconf 91' lang='lat' dir='ltr'><strong>dem</strong></span> <span class='ocrx_word' id='word_1_408' title='bbox 833 3709 861 3742; x_wconf 91' lang='lat' dir='ltr'><strong>er</strong></span> <span class='ocrx_word' id='word_1_409' title='bbox 877 3694 918 3743; x_wconf 90' lang='lat' dir='ltr'><strong>die</strong></span> <span class='ocrx_word' id='word_1_410' title='bbox 931 3694 1047 3743; x_wconf 85' lang='lat' dir='ltr'><strong>Schleebt</strong></span> <span class='ocrx_word' id='word_1_411' title='bbox 1058 3693 1147 3743; x_wconf 83' lang='lat' dir='ltr'><strong>liciern</strong></span> <span class='ocrx_word' id='word_1_412' title='bbox 1158 3694 1260 3743; x_wconf 81' lang='lat' dir='ltr'><strong>kbnnte.</strong></span> 
     </span>
     <span class='ocr_line' id='line_1_44' title="bbox 204 3755 1260 3828; baseline 0.005 -23"><span class='ocrx_word' id='word_1_413' title='bbox 204 3757 291 3806; x_wconf 79' lang='lat' dir='ltr'><strong>hatten</strong></span> <span class='ocrx_word' id='word_1_414' title='bbox 300 3759 350 3807; x_wconf 87' lang='lat' dir='ltr'><strong>und</strong></span> <span class='ocrx_word' id='word_1_415' title='bbox 359 3759 391 3807; x_wconf 92' lang='lat' dir='ltr'><strong>ob</strong></span> <span class='ocrx_word' id='word_1_416' title='bbox 401 3760 469 3810; x_wconf 89' lang='lat' dir='ltr'><strong>nicht</strong></span> <span class='ocrx_word' id='word_1_417' title='bbox 477 3759 558 3810; x_wconf 89' lang='lat' dir='ltr'><strong>selbst</strong></span> <span class='ocrx_word' id='word_1_418' title='bbox 567 3761 607 3808; x_wconf 90' lang='lat' dir='ltr'><strong>die</strong></span> <span class='ocrx_word' id='word_1_419' title='bbox 616 3759 707 3810; x_wconf 83' lang='lat' dir='ltr'><strong>Fluebt</strong></span> <span class='ocrx_word' id='word_1_420' title='bbox 759 3789 795 3797; x_wconf 90' lang='lat'><em>-</em></span> <span class='ocrx_word' id='word_1_421' title='bbox 807 3766 906 3828; x_wconf 81' lang='lat' dir='ltr'><strong>opport.</strong></span> <span class='ocrx_word' id='word_1_422' title='bbox 919 3776 962 3811; x_wconf 81' lang='lat' dir='ltr'><strong>res</strong></span> <span class='ocrx_word' id='word_1_423' title='bbox 978 3755 1078 3824; x_wconf 75' lang='lat' dir='ltr'><strong>aecr&#39;dit,</strong></span> <span class='ocrx_word' id='word_1_424' title='bbox 1096 3761 1165 3825; x_wconf 84' lang='lat' dir='ltr'><strong>quod</strong></span> <span class='ocrx_word' id='word_1_425' title='bbox 1174 3783 1209 3804; x_wconf 61' lang='lat' dir='ltr'>a</span> <span class='ocrx_word' id='word_1_426' title='bbox 1221 3761 1260 3811; x_wconf 87' lang='lat' dir='ltr'><strong>dic</strong></span> 
     </span>
     <span class='ocr_line' id='line_1_45' title="bbox 206 3824 1260 3894; baseline 0.006 -22"><span class='ocrx_word' id='word_1_427' title='bbox 206 3824 343 3874; x_wconf 86' lang='lat' dir='ltr'><strong>bereebnet</strong></span> <span class='ocrx_word' id='word_1_428' title='bbox 353 3841 415 3874; x_wconf 85' lang='lat' dir='ltr'><strong>wer.</strong></span> <span class='ocrx_word' id='word_1_429' title='bbox 760 3829 831 3876; x_wconf 88' lang='lat' dir='ltr'><strong>darin</strong></span> <span class='ocrx_word' id='word_1_430' title='bbox 839 3829 956 3891; x_wconf 83' lang='lat' dir='ltr'><strong>bastand,</strong></span> <span class='ocrx_word' id='word_1_431' title='bbox 970 3828 1028 3877; x_wconf 85' lang='lat' dir='ltr'><strong>dass</strong></span> <span class='ocrx_word' id='word_1_432' title='bbox 1036 3843 1084 3888; x_wconf 74' lang='grc' dir='ltr'><strong>-ς</strong></span> <span class='ocrx_word' id='word_1_433' title='bbox 1098 3829 1176 3878; x_wconf 85' lang='lat' dir='ltr'><strong>daher</strong></span> <span class='ocrx_word' id='word_1_434' title='bbox 1186 3827 1260 3894; x_wconf 83' lang='lat' dir='ltr'><strong>qued,</strong></span> 
     </span>
     <span class='ocr_line' id='line_1_46' title="bbox 239 3890 1260 3962; baseline 0.006 -24"><span class='ocrx_word' id='word_1_435' title='bbox 239 3890 707 3960; x_wconf 72' lang='lat' dir='ltr'><strong>4.onubue:1.3,4.—atqnetie·</strong></span> <span class='ocrx_word' id='word_1_436' title='bbox 759 3894 1260 3962; x_wconf 69' lang='lat' dir='ltr'><strong>nicutut.-posu·idteetusdiei1.</strong></span> 
     </span>
     <span class='ocr_line' id='line_1_47' title="bbox 205 3958 1268 4033; baseline 0.008 -27"><span class='ocrx_word' id='word_1_437' title='bbox 205 3958 267 4022; x_wconf 78' lang='lat' dir='ltr'><strong>torf.</strong></span> <span class='ocrx_word' id='word_1_438' title='bbox 280 3963 334 4008; x_wconf 79' lang='lat' dir='ltr'><strong>est.-</strong></span> <span class='ocrx_word' id='word_1_439' title='bbox 345 3961 402 4010; x_wconf 85' lang='lat' dir='ltr'><strong>und</strong></span> <span class='ocrx_word' id='word_1_440' title='bbox 415 3963 503 4010; x_wconf 84' lang='lat' dir='ltr'><strong>wurde</strong></span> <span class='ocrx_word' id='word_1_441' title='bbox 515 3977 549 4011; x_wconf 88' lang='lat' dir='ltr'><strong>so</strong></span> <span class='ocrx_word' id='word_1_442' title='bbox 561 3963 685 4025; x_wconf 69' lang='lat' dir='ltr'><strong>getb&#39;dtet.</strong></span> <span class='ocrx_word' id='word_1_443' title='bbox 759 3961 801 4026; x_wconf 86' lang='grc'><strong>23,</strong></span> <span class='ocrx_word' id='word_1_444' title='bbox 816 3963 838 4012; x_wconf 94' lang='grc'><strong>1.</strong></span> <span class='ocrx_word' id='word_1_445' title='bbox 853 3989 889 4000; x_wconf 87' lang='lat'>-</span> <span class='ocrx_word' id='word_1_446' title='bbox 905 3961 1026 4014; x_wconf 81' lang='lat' dir='ltr'><strong>Germani</strong></span> <span class='ocrx_word' id='word_1_447' title='bbox 1031 3963 1125 4028; x_wconf 71' lang='lat' dir='ltr'><strong>seeum</strong></span> <span class='ocrx_word' id='word_1_448' title='bbox 1143 3964 1268 4033; x_wconf 68' lang='lat' dir='ltr'><strong>mentitos</strong></span> 
     </span>
    </p>
   </div>
   <div class='ocr_carea' id='block_1_4' title="bbox 0 0 1404 4482">
    <p class='ocr_par' dir='ltr' id='par_1_4' title="bbox 0 0 1404 4482">
     <span class='ocr_line' id='line_1_48' title="bbox 0 0 1404 4482; baseline 0 0"><span class='ocrx_word' id='word_1_449' title='bbox 0 0 1404 4482; x_wconf 95' lang='lat' dir='ltr'><strong> </strong></span> 
     </span>
    </p>
   </div>
  </div>
 </body>
</html>
