2798 4482
516 285 526 304 '
542 324 615 376 ⁸1V.
633 324 754 376 20-21,

1027 393 1029 396 .
1134 292 1289 423 161,Ι

135 475 229 538 mittit
260 475 335 536 Huic
354 477 486 549 mandat,
512 486 544 539 ut
564 478 720 557 exploratis
741 478 878 540 omnibus
897 477 985 542 rebus
1005 478 1041 539 ad
1060 497 1092 539 se
1106 497 1194 557 quam
1214 490 1230 542 2

134 560 264 639 primum
283 568 451 623 revertatur.
481 562 549 640 lpse
568 581 635 622 cum
650 562 787 624 omnibus
803 563 895 642 copiis
910 563 941 622 in
955 562 1087 624 Morinos
1101 565 1194 642 profi·
1216 573 1231 623 3

135 645 261 718 oiscitur‚
277 647 356 723 quod
367 646 434 705 inde
446 654 508 706 erat
521 647 711 708 brevissimus
725 647 756 708 in
767 647 944 708 Britanniam
956 647 1102 708 traiectus.
1131 647 1196 708 Huc
1214 659 1232 708 4

134 730 370 808 navesunoique
390 750 425 789 ex
445 730 574 790 finitimis
594 733 761 810 regionibus
777 741 805 792 et
820 751 907 811 quam
922 731 1074 810 superiore
1088 739 1195 792 aestate

134 815 169 874 ad
185 815 352 876 Veneticum
372 814 480 874 bellum
499 816 630 877 ellecerat
649 817 869 878 classemiubet
884 816 1046 878 convenire.
1075 815 1196 876 Interim
1215 825 1230 874 5

134 897 257 959 consilio
278 899 340 959 eius
361 899 478 976 cognito
499 907 527 959 et
546 919 599 979 per
617 911 795 962 mercatores
814 901 924 980 perlato
945 901 981 960 ad
1001 899 1157 960 Britannos
1178 919 1196 960 1

134 983 333 1061 compluribus
354 982 465 1044 insulae
484 983 643 1046 civitatibus
663 987 699 1046 11
718 1005 784 1046 eum
800 985 884 1062 legati
897 984 1029 1054 veniunt,
1045 985 1093 1063 qui
1108 983 1194 1063 polli-

135 1076 253 1128 ceantur
269 1067 385 1128 obsides
401 1069 469 1128 dare
484 1077 570 1147 atque
584 1069 708 1148 imperio
724 1070 826 1148 populi
840 1069 967 1131 Romani
982 1069 1193 1148 obtemperare.

135 1152 248 1224 Quibus
263 1152 368 1212 auditis
383 1152 537 1212 liberaliter
550 1154 695 1231 pollicitus
711 1155 914 1232 hortatusque,
934 1162 966 1215 ut
980 1154 1010 1214 in
1026 1173 1058 1213 ea
1074 1161 1193 1214 senten·
1214 1161 1230 1212 6

132 1236 171 1296 tia
190 1245 409 1316 permanerent,
430 1256 481 1297 eos
497 1238 620 1298 domum
634 1239 754 1299 remittit
769 1247 797 1300 et
812 1259 879 1300 cum
894 1239 929 1298 iis
945 1257 1003 1300 una
1017 1237 1192 1309 Commium,

133 1339 219 1398 quem
240 1321 305 1399 ipse
320 1321 502 1382 Atrebatibus
522 1324 666 1400 superatis
681 1341 779 1401 regem
794 1323 833 1383 ibi
846 1323 1047 1396 constituerat,
1068 1322 1150 1384 cuius
1165 1329 1193 1382 et
1214 1329 1228 1378 7

132 1404 269 1466 virtutem
284 1413 312 1464 et
328 1405 483 1465 consilium
497 1407 639 1483 probabat
653 1415 681 1468 et
696 1426 782 1486 quem
794 1407 850 1468 sibi
864 1407 978 1468 fidelem
994 1426 1059 1468 esse
1071 1407 1193 1468 arbitra-

131 1488 224 1562 batur,
241 1489 381 1568 cuiusque
390 1489 1082 1570 auctoritasinhisregiombusmaguibabebatur‚
1096 1487 1193 1550 mittit.

132 1573 207 1634 Huic
222 1573 359 1658 imperat,
375 1593 446 1652 quas
458 1575 566 1652 possit,
585 1576 668 1636 adeat
683 1575 810 1636 civitates
826 1577 1029 1652 horteturque,
1045 1581 1076 1634 ut
1091 1573 1193 1652 populi
1213 1579 1229 1632 8

131 1658 258 1719 Romani
282 1659 370 1718 tidem
390 1667 561 1736 sequantur,
586 1679 674 1739 seque
694 1659 823 1720 celeriter
842 1679 876 1720 eo
896 1667 1050 1720 venturum
1069 1659 1192 1720 nuntiet.

132 1875 211 1924 neque
238 1863 266 1909 ire
295 1860 456 1910 Brttermr'am
483 1864 634 1927 truamercr't,
692 1861 714 1912 1.
738 1861 761 1911 3.
777 1862 816 1926 14,
830 1862 854 1910 4.
878 1862 901 1911 5.
913 1861 938 1924 4,
953 1860 977 1910 3.
999 1860 1041 1924 44,
1054 1859 1078 1911 6.
1100 1859 1124 1910 6.
1138 1859 1193 1924 4,4

131 1929 183 1976 ru're'
192 1931 253 1976 ante
266 1943 324 1994 per
338 1945 372 1978 ee
385 1932 480 1995 portus
493 1933 519 1978 et
529 1933 635 1994 nutega-
687 1946 714 1978 u.
728 1932 751 1979 ὅ.
764 1957 799 1966 -
810 1929 949 1980 liberaliter
966 1928 1021 1991 (18,
1035 1927 1063 1992 3)
1078 1927 1195 1996 pollicere¹

132 1997 227 2044 tionem
239 1999 266 2044 et
275 2010 406 2045 accessum
422 1995 457 2045 ad
465 1997 577 2046 insulam
588 2013 635 2046 cre·
688 1997 831 2047 absolut:
840 1995 1192 2062 lreundlicbeVersprechun-

130 2061 270 2128 plorasset,
295 2063 377 2112 wobei
406 2063 491 2112 indess
518 2079 550 2113 an
579 2065 634 2114 cine
688 2065 859 2128 genmacben.
882 2065 915 2114 So
933 2063 982 2113 Cic.
1000 2065 1030 2113 de
1039 2064 1102 2113 ·lliv.
1115 2063 1139 2112 2.
1153 2063 1192 2127 17,

131 2130 219 2244 lepigene
236 2129 311 2180 lleise
329 2129 421 2208 Ctisars
438 2131 506 2180 nicht
522 2147 554 2180 zu
571 2132 633 2181 den-

150 2204 243 2316 θ11111
253 2265 405 2316 Venturam
417 2265 521 2318 oerum.-
534 2266 557 2316 3.
570 2267 594 2316 o.

53 2362 59 2374 ι
165 2332 189 2381 5.
208 2332 429 2400 quipolb‘ceoretur
440 2361 473 2368 -
486 2333 556 2384 dare.
582 2333 634 2384 Ge-

131 2413 221 2448 nauer:
239 2417 268 2450 se
280 2401 387 2452 daueros
400 2418 457 2450 esse
470 2400 527 2464 (wie
540 2401 582 2464 22,
595 2400 632 2465 1);

128 2465 219 2529 jedoeli
232 2468 342 2530 begniigt
360 2468 413 2517 sich
425 2469 471 2518 der
482 2467 576 2517 Romer
588 2485 634 2518 zu-

131 2535 235 2596 weileu,
259 2551 291 2584 zu
307 2535 411 2598 Verbis,
430 2536 470 2585 die
482 2551 513 2584 an
526 2536 578 2585 sich
591 2536 638 2586 aul

132 2607 210 2651 etwas
223 2601 390 2666 Zukiinltiges
403 2603 483 2664 gehen
502 2603 635 2670 (polliceri,

131 2671 264 2733 serore),
292 2670 338 2719 den
365 2669 454 2718 blesen
477 2670 573 2734 Begriff
590 2671 635 2720 der

153 2737 263 2800 uudlung
283 2737 316 2787 ira
332 2735 379 2786 lul.
396 2736 469 2786 Priis.
485 2753 524 2797 ¹zu
546 2744 635 2786 setzen

132 2803 166 2866 (in
177 2804 297 2854 welcbcm
310 2803 382 2854 Falle
400 2804 437 2854 olt
452 2821 481 2854 se
494 2804 568 2867 leblt,
586 2805 635 2854 wie

131 2869 155 2920 6.
168 2870 193 2934 9,
206 2871 220 2919 t
238 2888 263 2921 u.
280 2873 327 2935 1.),
346 2872 408 2922 oder
423 2887 453 2921 er
468 2871 635 2935 beabsichtigt

131 2938 471 3004 eineVergegenwiirtigung
483 2939 634 3003 11131111-

129 3012 172 3056 tcn
194 3006 256 3056 oder
279 3009 480 3072 versprocbenen
500 3007 635 3070 Huudlung

133 3073 283 3137 (solertiges
300 3075 350 3123 und
362 3075 518 3126 bestimmtcs
530 3075 634 3124 Eintre-

130 3147 173 3190 ten
198 3141 355 3204 derselben).
391 3141 418 3192 S.
435 3142 461 3192 B.
479 3142 506 3192 C.
524 3141 548 3192 3.
562 3143 590 3206 8,
604 3141 632 3191 3:

129 3209 240 3326 πῶξᾳυοε
261 3213 357 3260 terrere
375 3225 492 3277 speram.
515 3209 634 3276 Zumpt§

164 3345 189 3394 6.
212 3345 304 3410 quibus
323 3343 566 3408 (113111111111111.·
582 3345 635 3394 Ab·

129 3410 174 3461 lat.
189 3411 282 3475 absol,
305 3412 370 3462 nicht
387 3427 436 3461 von
451 3411 578 3480 pollicetur
591 3411 635 3462 nb-

130 3478 253 3543 hlingiger
268 3479 351 3530 Dativ.
375 3479 459 3528 Durcb
476 3477 636 3530 Verbindun·

130 3560 191 3610 gen,
211 3546 259 3597 wie
273 3546 472 3612 quiturauduu
483 3574 518 3581 —
529 3561 583 3596 eos
595 3562 637 3597 re·

56 3629 59 3636 ’
129 3617 210 3664 mittit
227 3613 283 3678 (liir
298 3614 394 3664 welche
414 3627 507 3676 engere
525 3612 634 3664 Verbin-

132 3681 225 3746 onage)
248 3681 380 3731 bezwockt
400 3681 446 3730 der
465 3679 560 3731 llbmer
579 3681 635 3731 eine

130 3763 256 3812 gensuere
276 3749 446 3810 Bestimmung
467 3749 513 3798 der
528 3746 636 3798 lleiben·

130 3815 197 3880 folge
215 3818 260 3866 der
276 3816 478 3879 Regebenbeiten
498 3817 549 3865 und
570 3815 637 3866 l’a‘sst

131 3884 175 3934 dns
199 3884 231 3934 ina
255 3883 459 3950 Participialsatz
483 3882 635 3934 Entbulteue

131 3951 342 4015 selbststtiudiger
351 3951 506 4002 erscbeinen.
526 3949 551 4001 S.
561 3965 583 4000 c.
596 3947 634 4014 12,

689 2131 734 2182 38:
749 2135 979 2200 beae'prernittere.
1004 2132 1035 2180 11
1047 2130 1117 2180 Fam.
1130 2131 1154 2179 7.
1168 2131 1192 2194 5,

690 2201 717 2249 1:
734 2204 819 2250 rubos
836 2203 861 2250 ee'
872 2199 976 2268 prole'aee
993 2198 1024 2248 de
1041 2197 1193 2250 11111111-

688 2273 742 2318 tute
751 2271 869 2335 proruet.
883 2267 945 2317 Sall.
955 2266 1010 2315 Cat.
1023 2265 1065 2329 41,
1078 2267 1105 2314 5:
1115 2281 1193 2333 prae-

688 2339 760 2402 cepit,
773 2339 804 2385 ut
816 2337 877 2384 bene
885 2334 1062 2402 pollicerentur.

723 2404 747 2452 7.
766 2419 840 2468 qoem
854 2430 888 2438 -
907 2403 1088 2466 consueuerat,
1110 2402 1192 2450 maur.

677 2470 716 2520 ·S.
729 2486 761 2518 zu
777 2469 799 2518 1.
815 2469 837 2532 1,
851 2469 875 2518 4.
888 2497 922 2505 -
933 2469 1102 2518 Atrebatibus
1115 2483 1192 2533 rupe-

687 2541 770 2588 rctis:
787 2537 813 2585 in
825 2538 871 2585 der
887 2535 1004 2585 Scblacbt
1015 2549 1053 2583 ain
1067 2532 1153 2595 Sabis,
1165 2532 1190 2582 2.

689 2603 732 2667 23,
747 2603 769 2652 1.
781 2631 816 2639 —
827 2606 864 2652 toi
873 2625 908 2644 =
919 2602 984 2667 apud
995 2600 1141 2650 Atrebates.
1157 2628 1193 2636 ·-

688 2673 858 2722 Atrebata‘bus
870 2672 1006 2737 superatis,
1018 2671 1068 2734 ibi,
1082 2667 1127 2716 wie
1140 2667 1154 2731 ξ
1167 2666 1192 2716 6.

689 2739 776 2801 Vergl.
788 2739 810 2788 1.
823 2737 862 2800 18,
873 2739 900 2786 l:
911 2736 1051 2805 oppidoque
1061 2739 1191 2802 occupato,

689 2809 725 2858 ibi
740 2805 900 2873 praesidium
920 2803 1033 2854 collocat.
1051 2830 1087 2839 —
1101 2817 1193 2867 regem

690 2875 868 2924 constituerat.
887 2871 971 2924 Ueber
983 2872 1022 2921 die
1034 2869 1193 2934 Einsetzung

688 2957 739 2992 von
755 2939 871 3004 llo'nigen
894 2941 970 2990 (lurcb
988 2937 1067 2990 Ciisar
1088 2953 1109 2988 s.
1124 2936 1191 2988 Einl.

689 3025 713 3074 p.
729 3007 770 3058 21.
796 3007 939 3060 Densclben
960 3006 1096 3068 Commius,
1117 3020 1193 3074 prtem

689 3079 739 3130 rita·
768 3075 848 3128 delam
856 3077 1039 3140 arbitrabatur,
1053 3073 1136 3123 finden
1145 3073 1194 3122 wir

688 3160 721 3194 an
750 3160 779 3193 er
791 3143 877 3210 Spitze
894 3145 939 3194 des
951 3142 1105 3194 Aulstandes
1122 3140 1156 3190 im
1168 3141 1193 3190 7.

689 3211 774 3264 Jabre.
795 3212 823 3261 S.
836 3212 859 3260 7.
873 3211 913 3260 16.
926 3239 961 3247 -
972 3209 1119 3260 consilium:
1129 3207 1192 3258 llin-

689 3280 761 3330 sioht.
773 3306 808 3316 -
818 3281 959 3346 probabat.-
976 3279 1098 3339 scb'atzte,
1116 3289 1192 3324 uner-

689 3346 791 3398 kanute.
808 3373 842 3382 -
858 3349 885 3395 in
900 3346 939 3395 lu's
956 3345 1116 3410 regionibus:
1136 3339 1193 3392 Got-

687 3413 744 3477 uuo,
758 3414 827 3464 nicht
834 3413 993 3475 Brttoaaiae,
1005 3412 1055 3461 wie
1065 3410 1142 3459 sebon
1152 3407 1192 3458 Itis

687 3497 728 3532 zei
759 3517 765 3530 .

722 3488 758 3598 111
762 3547 846 3616 fidem
862 3548 945 3611 eepad,
961 3545 1010 3594 wie
1023 3544 1047 3593 5.
1061 3541 1102 3605 20,
1118 3541 1140 3605 1,
1155 3543 1192 3592 ei·

688 3616 810 3680 gentlicli:
834 3615 880 3664 der
903 3609 1125 3673 Zuverliissigkeit
1148 3609 1192 3659 Jo-

688 3685 791 3734 mandes
808 3682 905 3744 fulgen,
926 3680 979 3729 sicb
995 3694 1027 3728 an
1043 3678 1080 3726 sie
1096 3676 1191 3741 balteo,

688 3751 739 3804 und
752 3766 780 3800 so
792 3765 843 3799 von
859 3749 908 3796 ihm
921 3746 1014 3796 Scbutz
1028 3745 1078 3795 und
1090 3743 1191 3795 Sicber-

689 3818 743 3867 beit
755 3823 882 3866 erwsrten
894 3837 930 3857 τ-
942 3814 993 3864 sich
1007 3813 1053 3862 mit
1065 3811 1190 3862 lreiwilli-

690 3899 737 3948 ger
770 3881 965 3944 Ueterwerl'ung
998 3881 1024 3930 in
1058 3880 1192 3930 lemaules

690 3952 783 4002 Scbutz
804 3950 931 4014 begcben3
954 3949 1047 4000 ebenso
1068 3951 1096 4000 in
1108 3947 1193 4016 fidem
1256 4007 1260 4012 ¹
1364 4009 1369 4014 Ι

944 4033 991 4084 11*
1064 4027 1079 4060 Ι
