2798 4482
237 341 296 429 130
596 365 640 415 on
657 365 766 416 annno
785 365 927 418 ambico

197 531 212 581 7
232 521 316 595 vada,
334 526 453 598 portus,
472 518 581 579 insulas
595 519 728 593 novisse3
750 539 784 580 ac
797 519 884 598 longe
898 520 982 582 aliam
997 539 1062 580 esse
1076 521 1289 600 navigationem

193 617 199 627 ‘
232 603 265 666 in
285 605 423 666 concluso
443 603 517 664 mari
536 611 621 682 atque
640 604 671 664 in
689 604 855 666 vastissimo
871 613 956 685 atque
971 605 1154 683 apertissimo
1171 602 1287 668 Oceano
1361 607 1366 610 ’

196 699 213 752 8
233 687 454 769 perspiciebant.
485 688 537 748 llis
557 688 636 749 initis
657 689 785 750 consiliis
801 689 909 768 oppida
924 690 1072 763 muniunt,
1092 692 1238 752 frumenta
1252 711 1288 754 cx

196 793 212 842 o
232 774 310 854 agris
328 773 359 834 in
379 773 486 853 oppida
508 780 706 852 comportant,
730 792 817 834 naves
837 777 868 834 in
887 774 1048 848 Venetiam,
1067 775 1117 836 ubi
1136 776 1289 837 Caesarem

231 859 360 939 primum
372 875 436 918 esse
445 857 552 918 bellum
564 865 714 936 gesturum
726 859 885 932 constabat,
901 878 987 937 quam
1000 859 1139 938 plurimas
1151 869 1288 940 possunt,

180 958 212 1009 10
233 950 351 1022 cogimt.
383 942 485 1003 Socios
500 941 557 1002 sibi
571 943 607 1002 ad
624 942 653 1002 id
667 943 774 1003 bellum
790 941 923 1018 Osimos,
942 944 1100 1017 LexovioS,
1121 945 1288 1018 Namnetes,

231 1027 411 1101 Ambiliatos
426 1027 567 1099 Morinos,
582 1025 762 1100 Diablintres,
774 1028 925 1106 Menapios
940 1029 1120 1103 adsciscunt3
1136 1024 1238 1091 auxilia
1253 1049 1288 1092 ex

230 1111 388 1185 Britannia,
404 1129 477 1190 quae
491 1119 592 1172 eontra
607 1131 656 1172 eas
671 1112 806 1189 regiones
822 1113 919 1191 posita
933 1121 986 1186 cst,
1002 1122 1163 1176 arcessunt.

318 1203 369 1263 to.
397 1197 488 1257 Erant
502 1197 556 1257 bae
571 1189 752 1257 diliicrdtates
767 1195 834 1257 belli
849 1198 979 1275 gerendi,
994 1217 1066 1276 quas
1082 1218 1171 1279 supra
1186 1207 1287 1260 osten·
1396 1237 1398 1244 ‹

194 1296 210 1347 2
231 1283 341 1356 dimus,
361 1282 412 1342 sed
431 1281 522 1342 multa
537 1281 688 1341 Caesarem
708 1288 805 1342 tamen
825 1283 860 1342 ad
880 1282 909 1343 id
928 1283 1034 1344 bellum
1050 1283 1220 1345 incitabant:
1239 1285 1286 1345 in-

229 1367 320 1428 iuriae
339 1373 519 1428 retentorum
538 1365 668 1444 equitum
683 1366 899 1441 Romanormn,
918 1366 1034 1427 rebellio
1056 1369 1129 1429 facta
1149 1376 1218 1447 post
1234 1370 1286 1430 de·

231 1452 385 1526 ditionem,
414 1449 535 1511 desectio
566 1450 639 1511 datis
669 1451 834 1524 obsidibus,
863 1459 908 1512 tot
938 1451 1083 1513 civitatum
1114 1453 1285 1527 coniuratio,

230 1536 386 1616 imprimis,
401 1553 440 1596 ne
453 1535 508 1596 hac
522 1543 604 1614 parte
618 1536 746 1614 neglecta
761 1535 887 1615 reliquae
901 1536 1034 1597 nationes
1051 1537 1106 1598 sibi
1114 1537 1192 1598 idem
1200 1539 1286 1599 licere

193 1635 209 1686 3
229 1621 446 1682 arbitrarentur.
465 1620 563 1699 ltaque
588 1639 654 1681 cum
677 1620 853 1699 intellegeret
876 1639 979 1681 omnes
1005 1623 1065 1682 lere
1083 1622 1180 1683 Gallos
1200 1623 1284 1684 novis

228 1706 316 1768 rebus
331 1707 448 1767 studere
462 1712 491 1766 et
506 1706 542 1765 ad
557 1704 663 1766 bellum
679 1705 825 1782 mobiliter
841 1704 1025 1786 celeriterque
1040 1706 1164 1781 excitari,
1180 1725 1284 1768 omnes

117 1847 120 1852 ,
228 1799 325 1853 autem
340 1791 475 1851 homines
491 1799 594 1851 natura
608 1789 731 1851 libertati
746 1791 862 1851 studere
877 1799 905 1851 et
921 1791 1122 1851 condicionem
1138 1792 1284 1854 servitutis

228 1876 339 1948 odisse,
358 1875 530 1955 priusquam
544 1873 642 1952 plures
658 1874 784 1935 civitates
800 1877 1014 1954 conspirarent,
1030 1876 1214 1956 partiendrmr
1229 1877 1286 1938 sibi

228 1979 263 2022 ac
276 1960 360 2022 latius
376 1958 608 2020 distribuendum
624 1959 780 2020 exercitum
795 1960 913 2038 putavit.

314 2051 365 2112 11.
394 2045 492 2124 ltaque
507 2043 541 2102 T.
556 2042 716 2104 Labienum
736 2044 861 2122 legatum
881 2044 915 2119 in
926 2044 1077 2118 Treveros,
1093 2044 1142 2125 qui
1157 2046 1284 2124 proximi

191 2141 207 2192 2
227 2129 341 2192 llumini
355 2129 458 2190 Rheno
476 2135 556 2201 sunt,
576 2144 643 2187 curn
659 2128 786 2206 equitatu
801 2128 896 2189 mittit.
930 2129 1005 2190 Huic
1019 2131 1149 2203 mandat,
1172 2131 1283 2191 Remos

227 2214 413 2294 reliquosque
423 2212 524 2290 belgas
540 2211 622 2272 adeat
636 2219 722 2290 atque
736 2212 767 2272 in
784 2213 880 2274 officio
897 2214 1044 2274 contineat
1055 2214 1282 2294 Germanosque,

226 2300 276 2380 qui
291 2299 395 2360 auxilio
407 2318 424 2360 a
434 2296 528 2376 Belgis
541 2295 669 2357 arcessiti
680 2297 856 2371 dicebantur,
871 2298 896 2358 si
907 2299 1029 2377 pervim
1040 2299 1161 2372 navibus
1172 2300 1283 2361 flumen

181 2386 207 2448 '3
226 2385 349 2446 transire
364 2390 514 2456 conentur,
529 2380 689 2460 probibeat.
720 2382 752 2442 P.
769 2381 907 2443 Crassum
923 2403 989 2444 cum
1005 2383 1175 2444 cohortibus
1189 2383 1282 2461 legio-

226 2467 316 2531 nariis
339 2487 381 2530 xu
404 2475 433 2530 ct
451 2484 558 2546 magno
578 2484 701 2528 numero
721 2467 865 2546 equitatus
885 2467 915 2530 in
935 2467 1117 2546 Aquitaniam
1135 2467 1281 2545 proticisci

259 2655 284 2706 7.
296 2654 444 2706 conclusum
453 2669 537 2705 marc:
549 2653 723 2715 Binnenmeer‚
778 2650 851 2702 Mord
868 2652 912 2702 des
924 2649 1020 2716 liboigs
1037 2669 1061 2703 u.
1077 2652 1143 2702 iibol.
1155 2665 1177 2703 s:
1189 2652 1282 2720 Zumpt

223 2723 272 2774 wie
281 2724 325 2774 das
334 2723 495 2785 Mittelmeer‚
505 2721 726 2784 dosbiergemeint
778 2720 793 2784 §
806 2719 855 2769 637
869 2719 951 2770 Madv.
962 2720 976 2784 ξ
989 2719 1057 2784 426),
1070 2719 1210 2771 dchenit.
1219 2722 1282 2772 aber

224 2792 306 2841 ist.-
317 2796 393 2856 atquc
404 2788 564 2840 unmittelbar
576 2792 636 2839 nacb
649 2789 725 2848 oliam
777 2788 815 2837 als
827 2788 997 2850 Bestimruuog
1017 2789 1121 2850 dessen,
1141 2789 1223 2838 worin
1240 2790 1280 2839 dic

223 2863 306 2924 atquc,
314 2859 363 2908 wie
373 2859 397 2907 7.
405 2857 444 2920 12,
454 2857 482 2905 5:
494 2856 572 2906 umal
579 2861 654 2922 atque
666 2871 725 2906 con·
777 2857 886 2905 delumbe
895 2853 1024 2905 besteben.
1036 2855 1093 2906 Liv.
1103 2856 1127 2904 4.
1138 2855 1182 2906 32:
1195 2857 1280 2908 scelus

223 2927 724 3055 'Ptttllttttttltlglmnta
770 2921 1281 3055 tttttmlltttttltlltt

223 3059 330 3109 zuriick:
349 3059 394 3108 das
412 3056 724 3120 zundchstVorbcrgeode
780 3055 945 3120 Ermordung.
980 3056 1033 3107 Der
1052 3058 1138 3108 Plural
1162 3063 1278 3126 intortae,

223 3126 320 3176 cnthdlt
332 3127 371 3175 dic
385 3124 487 3176 Griindc
499 3123 541 3174 fiir
552 3121 724 3175 dieAusi'eibr-
776 3139 865 3187 wegen
887 3125 933 3173 der
953 3123 1154 3190 Wiederbolung
1179 3128 1278 3178 densel-

221 3193 321 3244 barkeit
333 3195 379 3242 der
390 3191 475 3243 Pliinc.
487 3217 523 3230 ·-
534 3195 679 3243 constabat.-
695 3207 723 3243 cs
776 3191 825 3240 beo
835 3191 966 3256 Handlung
974 3193 1014 3242 bei
1024 3194 1071 3244 den
1081 3195 1277 3246 verscbicdcnen

220 3262 295 3314 stand
303 3261 362 3325 lest,
374 3275 429 3311 war
436 3259 722 3324 allgemeincllleioung.
775 3259 897 3323 Vblkcrn,
911 3259 935 3324 8,
947 3259 963 3308 2
975 3276 1000 3310 u.
1014 3259 1037 3310 3.
1053 3289 1088 3297 -
1104 3261 1161 3312 Man
1174 3261 1277 3314 beachte

221 3329 246 3382 4.
262 3329 305 3392 29,
320 3329 349 3379 4:
368 3327 436 3398 quod
449 3331 566 3380 omatibus
580 3330 721 3392 constabat,
775 3326 905 3394 iibrigens,
922 3329 980 3378 dass
993 3328 1032 3378 die
1044 3328 1185 3392 Tribuocn‚
1199 3331 1239 3380 die
1249 3345 1279 3380 cr

221 3398 331 3450 Mamm
339 3401 366 3448 in
380 3395 460 3448 Gallia
471 3399 598 3464 oportere.
775 3395 839 3444 oben
847 3394 929 3460 legati
938 3402 1043 3459 noenta,
1060 3397 1115 3446 bier
1125 3398 1170 3446 mit
1181 3401 1278 3464 equites

257 3457 308 3517 10.
346 3465 369 3515 l.
404 3469 489 3515 taloan
512 3461 720 3513 nacbdroclrsvoll
773 3461 921 3513 bezeichnet
946 3464 1048 3513 werden
1071 3491 1105 3501 -
1128 3465 1184 3514 cine
1213 3481 1277 3515 ncne

221 3535 386 3598 nacbgesctzt
400 3553 436 3576 =
450 3531 621 3582 nibilominus.
633 3559 667 3567 -
678 3533 719 3580 in-
773 3530 844 3580 Seitc
865 3532 909 3580 des
930 3530 1089 3595 Vergchcos,
1110 3533 1150 3582 die
1172 3532 1221 3582 ihm
1238 3533 1277 3583 als

219 3605 302 3653 mitae
310 3605 471 3662 retentorum
478 3615 534 3665 equ.
544 3598 584 3665 lt,
597 3598 665 3648 nicht
674 3598 718 3648 das
773 3601 836 3647 clim,
845 3597 983 3648 Feldberm
994 3600 1095 3662 wicbtig
1102 3598 1144 3662 ist,
1156 3601 1277 3651 wilbrend

220 3669 268 3719 den
286 3669 531 3732 zuriiclgehalteuen
542 3665 572 3716 ll.
584 3664 720 3715 widerlah·
773 3681 803 3715 cr
815 3666 878 3715 obeo
892 3667 932 3716 die
942 3666 1056 3717 Venetcr
1068 3668 1107 3716 die
1120 3667 1278 3732 Verletzmrg

219 3751 289 3802 rene,
302 3738 408 3787 soodern
419 3738 464 3786 das
473 3736 497 3785 in
509 3735 555 3784 der
564 3733 720 3783 Zuriicklral·
773 3733 820 3784 des
827 3733 1007 3784 Vtilkcrrccbts
1021 3735 1046 3784 in
1058 3735 1176 3786 Betmobt
1187 3735 1276 3786 ziehcn

218 3803 588 3866 tongderselbcobestebeode
603 3801 722 3865 Uorecht,
772 3800 845 3852 l'aisst.
884 3801 930 3851 llic
954 3801 1081 3852 Tribuoen
1105 3803 1206 3853 worden
1229 3817 1276 3852 ans

218 3871 263 3921 das
276 3873 368 3922 Portic.
381 3871 450 3922 Peri.
468 3871 522 3921 also
540 3871 578 3922 als
595 3870 719 3920 Substan-
772 3869 828 3918 dem
844 3868 1015 3919 Ritterstandc
1032 3871 1143 3932 gewtiblt
1158 3871 1220 3920 oder
1236 3871 1277 3920 ibr

215 3939 327 4002 tiviruug
335 3941 427 3990 doram
436 3937 719 3990 Subiectvollbrachteo
771 3935 830 3987 Aine
838 3937 885 4000 gab
895 3937 969 3986 ibnen
977 3933 1132 4002 Rittcrrang.
1158 3938 1185 3988 S.
1198 3939 1222 3989 7.
1232 3937 1275 4002 ot,

217 4005 349 4069 llaodlung
365 4007 533 4072 (interfector
548 4021 599 4058 rea
617 4025 652 4049 ε
672 4005 718 4055 der
773 4003 797 4054 5.
819 4003 847 4055 B.
860 4003 888 4054 C.
899 4001 1023 4068 ilricgsw.
1037 4005 1052 4070 ξ
1065 3997 1107 4056 to.
