2828 4480
231 325 293 388 254

557 291 559 298 ’
591 325 635 375 oa
653 325 759 376 annac
778 325 918 378 armico

230 479 354 542 minimo
374 478 491 558 quidem
506 497 575 541 casu
588 479 686 540 locum
699 478 823 558 relinqui
838 478 972 542 debuisse
985 514 1026 524 —-
1044 479 1169 540 multum
1178 480 1279 542 torn-

194 569 209 618 2
229 582 298 626 narn
313 563 343 625 in
353 563 505 643 repentino
519 564 651 626 hostium
662 565 785 625 adventu
794 564 925 642 potuisse
934 564 1074 637 iudicavit,
1088 564 1180 624 multo
1192 565 1279 654 qiam

230 649 366 728 amplius,
383 649 460 728 quod
476 667 566 728 paene
580 648 616 709 ab
630 648 695 728 ipso
711 649 782 710 vado
797 650 947 729 portisque
961 658 1124 710 castrorum
1138 650 1278 712 barbaros

193 739 208 788 3
230 735 387 796 avertisset
421 734 551 806 Quarum
571 735 702 795 omnium
721 753 820 794 rerum
838 735 961 795 maxime
980 733 1182 795 admirandum
1198 735 1278 796 vide-

228 819 325 892 batur,
348 819 427 897 quod
448 818 597 894 Germani,
620 820 670 898 qui
688 838 723 879 eo
744 817 865 879 consilio
884 819 1019 880 Rhenum
1038 818 1222 892 transierant,
1245 827 1278 880 ut

228 903 403 982 Ambiorigis
423 903 496 964 tinas
516 903 771 984 depopularentur,
797 904 831 964 ad
856 913 948 966 eastra
968 903 1168 965 Rornanorum
1193 899 1279 965 delati

228 988 442 1068 optatissimum
456 987 615 1066 Ambiorigi
629 987 799 1049 beneficium
815 989 988 1050 obtulerunt.

313 1077 364 1140 43.
396 1073 501 1134 Caesar
524 1091 625 1134 rursus
653 1074 688 1134 ad
714 1072 859 1134 vexandos
881 1074 983 1134 hostes
1002 1074 1149 1152 proiectus
1170 1091 1276 1152 magno

229 1165 328 1218 coacto
347 1176 470 1219 numero
490 1177 525 1218 ex
542 1157 671 1218 finitimis
691 1157 850 1219 civitatibus
866 1159 896 1218 in
917 1176 1019 1219 ornnes
1039 1166 1135 1237 partes
1151 1158 1276 1220 dimittit.

192 1254 207 1302 2
230 1242 339 1303 Omnes
353 1242 408 1304 vici
422 1250 507 1322 atque
522 1243 619 1304 omnia
633 1242 768 1315 aedificia,
789 1262 862 1321 quae
876 1244 998 1323 quisque
1013 1250 1216 1322 conspexerat,
1231 1243 1277 1303 in-

193 1336 208 1386 3
229 1327 433 1401 οοιιᾶθὴιιιῑιιις
455 1328 561 1406 praeda
582 1347 616 1388 ex
636 1327 770 1388 omnibns
789 1327 862 1388 locis
882 1329 1031 1407 agebatur3
1052 1328 1195 1388 frumenta
1214 1345 1277 1388 non

229 1411 326 1472 solum
345 1419 424 1473 tanta
437 1412 619 1474 multitudine
636 1413 832 1474 iumentorum
852 1421 936 1492 atque
950 1413 1104 1474 bominum
1120 1430 1276 1480 consume-

227 1496 343 1569 bantur,
359 1498 409 1558 sed
424 1497 509 1558 etiam
524 1498 592 1558 anni
605 1506 737 1576 tempore
752 1505 836 1576 atque
847 1497 988 1558 imbribus
999 1497 1224 1576 procubuerant,
1235 1506 1275 1570 ut,

227 1581 252 1642 si
279 1581 327 1661 qui
350 1581 434 1642 etiarn
460 1582 491 1643 in
515 1582 676 1660 praesentia
695 1603 727 1643 se
745 1583 948 1656 occultassent,
973 1591 1067 1642 tamen
1087 1582 1132 1642 bis
1153 1582 1276 1644 deducto

191 1671 207 1719 4
228 1666 354 1727 exercitu
372 1685 469 1727 rerum
487 1667 619 1728 omnium
638 1668 736 1747 inopia
755 1668 936 1746 pereundum
951 1666 1101 1728 rideretur.
1135 1667 1177 1728 Ac
1191 1686 1276 1746 saepe

226 1751 257 1810 in
276 1771 343 1812 enm
360 1751 458 1812 locum
476 1760 594 1812 rantum
613 1760 657 1812 est
676 1759 756 1814 tanto
771 1752 801 1812 in
817 1752 913 1817 omnis
928 1751 1019 1830 partis
1034 1752 1127 1813 diviso
1142 1752 1276 1830 equitatu,

226 1842 259 1896 ut
277 1837 366 1896 modo
385 1835 480 1897 nsum
499 1836 534 1896 ab
554 1856 586 1896 sa
604 1837 800 1915 Ambiorigem
819 1837 850 1896 in
870 1838 936 1915 fuga
955 1835 1209 1915 circumspicerent
1228 1855 1276 1896 ca·

191 1920 207 1969 5
227 1919 297 1998 ptivi
316 1937 371 1980 neo
388 1921 472 1998 piane
491 1921 576 1982 etiam
594 1921 690 1982 abisse
708 1930 921 2007 extconspcctu
940 1922 1159 1996 contenderent,
1178 1929 1210 1982 ut
1225 1939 1276 2000 spe

159 2083 167 2098 ¹·
226 2070 281 2119 blos
294 2086 322 2120 so
335 2070 386 2119 viel
398 2071 436 2119 ols
449 2087 483 2120 en·
495 2073 595 2137 caetrae,
608 2073 670 2121 noch
684 2072 724 2121 ein

155 2193 160 2204 ι
226 2133 256 2188 ἓν
269 2132 316 2186 διὰ
333 2135 421 2187 dooiv.
434 2166 467 2174 -—
478 2153 539 2188 coru
550 2161 586 2179 =
601 2140 678 2188 casui.
691 2167 725 2176 -

226 2204 309 2255 loonm
320 2205 429 2270 relinqui
438 2205 566 2256 moriere:
579 2207 602 2255 5.
616 2206 657 2269 52,
673 2205 694 2256 1.

260 2271 284 2322 2.
312 2273 435 2340 amplior:
463 2273 488 2323 in
517 2275 579 2324 noch
606 2276 724 2324 biiberem

226 2338 324 2402 Masse3
338 2339 362 2403 9,
376 2341 399 2390 i.
610 2355 611 2358 ’

260 2406 284 2457 3.
316 2407 429 2471 Quarum
448 2424 580 2460 rernm—
595 2409 725 2461 admiren-

225 2475 286 2526 dem
303 2476 355 2538 rid.
387 2477 508 2527 Derselbe
530 2475 659 2529 Gabrauoh
679 2481 723 2528 des

139 2541 149 2550 “
223 2544 444 2595 umscbreibenden
456 2553 510 2609 ree,
529 2547 574 2594 der
585 2544 609 2594 3.
623 2547 647 2609 4,
661 2545 675 2594 3
690 2547 723 2610 (5.

126 2647 129 2662 .
227 2612 286 2675 1,1)
306 2612 431 2675 erlaubta,
453 2629 485 2662 zu
505 2629 594 2676 sagea:
615 2617 724 2680 quarum

223 2695 312 2730 rernm
322 2680 390 2746 nibil,
403 2687 524 2744 gestattet
535 2683 596 2732 anob
608 2683 664 2732 bier
678 2683 724 2732 ad-

223 2748 378 2798 mirandum.
599 2751 601 2758 '

259 2805 311 2866 43.
332 2817 354 2865 1.
371 2832 465 2881 magno
478 2821 723 2868 conctonnmero—

224 2883 334 2934 de’mittit.
352 2883 404 2933 Der
413 2883 597 2934 Obiectsaccus.
608 2901 653 2935 aus
665 2883 723 2936 ood-

224 2954 264 2999 cto
284 2965 391 3000 nurnero
414 2951 480 3012 (eum
500 2953 561 3000 oder
581 2955 722 3003 aoe--die

223 3017 249 3066 in
261 3017 316 3066 dem
327 3033 413 3082 magn.
425 3034 495 3068 nurn.
508 3019 676 3084 enthaltenen)
690 3038 722 3070 zu

224 3085 340 3147 nahmen,
359 3101 387 3134 so
400 3086 458 3134 dass
471 3086 585 3135 desselbe
598 3090 721 3152 syntecti-

224 3152 283 3200 scbe
299 3151 458 3204 Verbb'ltniss
475 3153 526 3202 sicb
537 3153 651 3217 ergiebt,
673 3158 721 3206 wic

223 3219 247 3268 in
268 3220 316 3269 den
337 3219 361 3267 4.
375 3218 443 3282 21,6
463 3220 511 3269 und
533 3220 600 3270 diter
618 3221 722 3288 bespro-

223 3287 317 3336 chonen
329 3287 427 3340 Falien.
447 3287 533 3350 Vergl.
547 3289 571 3337 1.
584 3288 608 3351 4,
624 3289 723 3340 1ιοοη-

171 3383 174 3392 ·
222 3358 318 3405 rorone
346 3359 401 3406 anis
424 3354 555 3406 climatibus
575 3357 658 3421 facile
684 3361 723 3408 tn-

223 3423 315 3473 cendit.

256 3491 280 3540 2.
306 3495 355 3542 rici
372 3519 406 3528 -—
426 3491 540 3558 aedificia
562 3491 584 3541 1.
603 3492 671 3556 5„2.
688 3523 723 3532 -

222 3565 399 3626 eonrpenerat,
416 3559 627 3610 incendebantur:
649 3561 722 3612 Wie-

222 3627 371 3690 derboinng,
389 3643 410 3677 s.
427 3643 458 3676 zu
475 3625 499 3676 3.
515 3627 553 3689 14,
567 3627 591 3676 d.
604 3628 628 3676 5.
642 3628 683 3694 34,
695 3629 719 3679 2.

220 3695 305 3744 ιι.1111.

256 3762 279 3811 3.
308 3767 370 3813 anni
396 3767 510 3842 tempore
536 3767 561 3812 et
588 3765 720 3815 imbribus.

221 3829 321 3894 Heitige
334 3830 495 3894 Regeng'nsse
506 3832 593 3880 hatten
612 3833 655 3881 das
668 3831 719 3882 Ge-

221 3898 314 3964 traide,
331 3900 376 3948 das
392 3913 480 3961 wagan
497 3899 541 3948 des
552 3896 645 3962 iiriegs
657 3900 720 3949 iiber

222 3964 262 4012 die
283 3963 341 4014 Zeit
361 3967 406 4015 der
422 3966 501 4016 Erote
522 3967 609 4018 binans
632 3969 719 4018 steben

778 2073 876 2122 bleiben
888 2079 991 2136 maeste,
1004 2073 1250 2136 niedergescbiagen.

812 2140 836 2189 4.
863 2144 889 2190 in
909 2157 968 2191 enm
987 2141 1084 2192 lectam.-
1108 2141 1146 2190 bis
1167 2139 1212 2190 ani
1230 2140 1276 2190 den

778 2207 869 2258 Punkt.
889 2235 924 2244 —
942 2212 969 2258 a‘n
990 2213 1072 2260 cannia
1089 2212 1175 2276 partio
1196 2208 1275 2258 dicim

778 2275 1275 2395 recar-,taratantara

779 2381 834 2461 turb
850 2398 1011 2476 diogneeinm
1030 2416 1054 2462 ct
1077 2411 1175 2463 Tralles
1195 2410 1277 2478 Epita-

777 2495 883 2545 enrnqne
895 2481 981 2530 11111111
990 2502 1025 2521 --
1034 2481 1139 2530 divisum
1148 2479 1234 2528 mittit.
1242 2505 1276 2514 —

777 2552 808 2597 nt
817 2575 852 2584 -
863 2547 1050 2598 contenderent.
1070 2548 1113 2597 Sie
1124 2562 1210 2598 waren
1227 2547 1276 2595 ibm

776 2615 1276 2746 ttttttttttttttttttritt

776 2749 883 2814 iragten,
895 2765 968 2800 wenn
982 2752 1019 2799 sie
1031 2750 1072 2799 ibn
1085 2750 1147 2799 eben
1164 2751 1274 2812 gesebon

775 2819 869 2880 batten,
882 2819 946 2867 nacb'
954 2819 1009 2867 dem
1019 2818 1135 2883 plb'tzlicb
1147 2817 1275 2867 Enttiobe-

776 2902 824 2935 nen
836 2886 967 2947 unsaben‚
988 2901 1028 2934 um
1048 2902 1080 2934 zu
1092 2887 1180 2947 seben,
1193 2899 1232 2934 wo
1246 2900 1275 2934 er

775 2954 814 3002 bin
839 2954 877 3002 sei
906 2953 1140 3020 (circurnepioiendo
1169 2968 1275 3018 quaere-

775 3022 850 3084 rent),
874 3020 932 3069 weil
955 3021 991 3069 sie
1016 3021 1140 3084 gioubten,
1165 3021 1223 3069 dass
1247 3035 1277 3069 er

776 3089 837 3138 nocb
850 3088 917 3137 nicbt
929 3102 985 3149 weg
998 3088 1154 3151 saisitione,
1168 3089 1218 3136 und
1231 3088 1276 3137 be-

775 3158 922 3222 bauptetcn,
940 3156 998 3204 dass
1016 3171 1045 3204 er
1059 3157 1122 3206 auch
1131 3156 1200 3219 jetzt
1213 3157 1275 3205 nocb

777 3225 844 3273 nicht
855 3239 918 3287 ganz
932 3224 986 3282 (noo
995 3223 1071 3291 plone
1082 3227 1158 3273 etin-m
1169 3245 1204 3265 =
1216 3239 1275 3274 uec-

776 3293 832 3341 dum
849 3292 929 3356 plane)
948 3306 993 3340 aus
1012 3292 1065 3340 dem
1084 3290 1201 3342 Gesicbte
1219 3298 1275 3341 ent-

776 3360 925 3410 scbwunden
943 3359 988 3408 sei.
1012 3357 1144 3409 Trcfl'ende
1162 3358 1276 3408 Sobiide-

775 3441 840 3490 rung
863 3428 909 3476 der
932 3433 996 3476 stata
1020 3428 1183 3489 getiiuscbten
1206 3425 1275 3476 Hoff-

863 3493 1275 3613 recrearern·

776 3579 822 3679 deb
834 3577 1041 3680 Abenserzendbn
1062 3578 1150 3680 imrbbr
1170 3578 1274 3679 zuaentl·¹

775 3699 969 3760 gebenwnsste.

809 3766 831 3815 5.
850 3770 935 3832 ntspa
947 3765 1014 3813 nicbt
1030 3764 1079 3814 wie
1097 3766 1141 3814 das
1160 3773 1228 3815 erstc
1244 3767 1275 3816 ut

773 3849 822 3882 von
834 3837 860 3882 a'n
872 3849 931 3882 enne
945 3832 1028 3882 locum
1046 3843 1071 3882 r:
1087 3837 1127 3882 eat
1141 3833 1272 3896 abbiiogig,

774 3901 881 3950 sandoro
891 3901 946 3949 eine
956 3899 1034 3962 Foige
1044 3901 1088 3948 des
1098 3915 1194 3963 ganzen
1205 3901 1271 3952 Vor-

772 3968 947 4032 bergebenden
959 3966 1134 4018 bezeichnend.
1147 3995 1181 4004 -—
1190 3981 1271 4037 poena
