2798 4482
218 383 278 446 wo
351 363 353 368 ’
577 383 909 436 nummommmr

216 536 278 598 eius
290 536 435 611 omnibus,
450 557 524 616 quos
535 538 710 600 nominatim
724 546 898 612 evocaverat,
913 538 1080 600 consolatus
1091 537 1272 598 lndntioma-

180 636 196 686 3
217 640 283 682 rum
302 623 491 702 hortatusque
505 630 562 696 est,
581 624 623 683 uti
637 623 780 685 inostioio
796 633 940 697 maneret,
961 622 1051 684 nihilo
1067 631 1163 684 umen
1178 623 1272 682 secius

216 707 396 786 principibus
413 707 605 780 Treverorum
624 709 659 769 ad
681 728 713 769 se
732 709 897 770 convocatis
915 709 972 770 hos
989 707 1152 786 singillatim
1168 708 1272 786 Cinge-

216 791 302 870 torigi
327 792 499 866 conciliavit,
524 794 602 872 quod
628 813 695 854 oum
714 793 818 854 merito
838 794 900 854 eius
920 814 935 854 a
956 792 1069 854 sederi
1089 792 1274 871 intellegebat,

216 883 280 938 tum
298 875 396 954 magni
419 877 559 939 interesse
583 877 775 939 arbitrabatur
796 878 1077 950 eiusauotoritatem
1102 877 1178 938 inter
1203 896 1274 938 suos

218 981 306 1040 quam
329 962 488 1039 plurimum
512 963 618 1035 valere,
644 963 725 1024 cuius
749 971 808 1023 tam
832 964 976 1041 egregiam
996 963 1027 1022 in
1045 981 1077 1021 se
1095 962 1274 1023 voluntatem

181 1055 198 1104 4
217 1046 420 1126 perspexisset.
441 1047 472 1106 ld
484 1047 548 1107 tulit
558 1048 668 1108 sactum
683 1047 806 1126 graviter
816 1048 1040 1120 Indutiomarus,
1055 1065 1138 1108 suam
1153 1047 1275 1125 gratiam

218 1132 293 1192 inter
312 1149 382 1191 suos
402 1132 506 1205 minui,
525 1141 565 1206 et,
585 1132 635 1210 qui
650 1131 707 1192 iam
722 1140 787 1192 ante
801 1131 919 1193 inimico
934 1132 965 1192 in
980 1151 1035 1193 nos
1052 1131 1149 1192 animo
1166 1131 1276 1205 luisset,

218 1216 311 1276 multo
326 1216 439 1294 gravius
454 1218 511 1276 boo
525 1217 625 1277 dolore
640 1216 754 1277 exarsit.

304 1308 334 1365 5.
365 1301 417 1360 His
436 1301 523 1361 rebus
544 1301 709 1362 constitutis
729 1301 833 1362 Caesar
852 1303 888 1364 ad
907 1310 1027 1382 portum
1045 1301 1131 1362 llimn
1151 1321 1219 1362 omn
1233 1302 1275 1362 le-

182 1396 197 1446 2
219 1384 354 1462 gionibus
374 1385 511 1464 pervenit.
541 1386 583 1447 lbi
602 1387 753 1464 cognoscit
767 1406 805 1446 nx
820 1405 920 1460 naveS,
939 1386 1056 1466 quaein
1071 1387 1172 1448 lleldis
1187 1388 1277 1448 factae

220 1477 313 1542 erant,
343 1478 514 1549 tempestate
541 1471 662 1531 reiectas
687 1490 805 1532 cursum
830 1480 928 1532 tenere
949 1490 1011 1534 nou
1035 1472 1166 1551 potuisse
1191 1479 1277 1550 atque

220 1555 336 1628 eodem,
363 1557 440 1616 unde
468 1563 550 1619 erant
578 1557 737 1635 profectae,
766 1557 929 1631 revertisse3
955 1557 1078 1636 reliquas
1102 1564 1216 1636 paratas
1241 1557 1277 1618 ad

77 1649 80 1658 '
184 1641 412 1718 3navigandum
441 1649 526 1719 etque
555 1642 691 1703 omnibus
720 1642 806 1702 rebus
831 1641 987 1702 instructas
1011 1642 1127 1702 invenit.
1166 1642 1278 1702 Eodem

221 1725 364 1804 equitatus
379 1725 468 1786 totius
484 1726 589 1786 Galliae
604 1726 738 1788 convenit
751 1745 874 1788 numero
889 1727 1001 1788 milium
1017 1734 1152 1805 quattuor
1167 1725 1278 1804 prinoi-

184 1823 201 1872 4
221 1828 331 1888 pesque
345 1829 378 1869 ex
394 1811 530 1870 omnibus
547 1811 720 1884 civitatibus3
740 1811 893 1890 exquibus
909 1830 1086 1902 perpauqoS,
1106 1829 1233 1890 quorum
1248 1811 1279 1870 in

220 1913 253 1954 se
268 1894 354 1954 fidem
368 1903 566 1974 perspexerat,
580 1895 742 1974 relinquere
756 1895 786 1955 in
802 1894 901 1970 Gallia,
919 1896 1046 1975 reliquos
1062 1896 1199 1957 obsidum
1212 1895 1278 1956 loeo

222 1997 322 2039 secum
337 1979 441 2038 ducere
456 1981 632 2053 decreverat,
648 1981 736 2059 quod,
752 1981 893 2060 cumipse
908 1981 1029 2054 abesset,
1044 1988 1158 2042 motum
1173 1980 1280 2041 Galliae

219 2062 378 2122 verebatur.

306 2153 337 2212 li.
367 2148 435 2208 Erat
453 2166 511 2208 una
537 2167 603 2208 cum
624 2149 724 2209 ceteris
739 2149 901 2210 Dumnorix
916 2149 1063 2222 Haeduus,
1084 2151 1120 2210 de
1139 2169 1198 2229 quo
1214 2158 1280 2211 ante

222 2231 259 2292 ab
277 2231 363 2292 nobis
379 2233 488 2292 dictum
504 2240 555 2292 est.
584 2233 669 2294 Hunc
684 2253 784 2294 secum
798 2233 904 2294 habere
919 2234 949 2294 in
964 2235 1067 2314 primis
1084 2235 1280 2308 constituerat,

223 2317 302 2394 quod
327 2336 392 2378 eum
418 2313 555 2397 cupidum
574 2337 673 2378 rerum
693 2337 847 2391 novarum,
872 2319 1011 2399 cupidum
1029 2319 1158 2399 imperii,
1182 2320 1281 2398 magni

186 2409 201 2458 2
222 2401 324 2474 animi,
347 2421 467 2480 magnae
492 2397 569 2464 inter'
590 2404 686 2464 Gallos
706 2402 883 2465 auctoritatis
903 2413 1085 2482 cognoverat.
1120 2405 1281 2466 Accedebat

221 2487 288 2560 huo,
303 2487 381 2566 quod
396 2488 425 2547 in
437 2489 560 2549 coneilio
572 2489 760 2550 Haeduorum
771 2489 932 2550 Dumnorix
944 2490 1053 2551 dixerat
1064 2489 1119 2550 sibi
1130 2510 1147 2550 a
1158 2489 1280 2550 Caesare

258 2663 289 2722 4.
299 2671 322 2722 2.
333 2673 477 2724 consolatus
488 2674 549 2723 liber
559 2675 611 2724 sein
621 2677 670 2724 und
680 2675 724 2724 be·
779 2675 840 2723 doeh
854 2675 938 2738 daran,
952 2677 1009 2725 dass
1019 2676 1076 2725 dort
1086 2674 1177 2724 Sebiffe
1188 2675 1280 2739 gebaut

225 2741 724 2806 sondersseluerAngeblirlgenSehlck-
778 2743 895 2806 wurden,
920 2742 1011 2792 keinen
1035 2743 1141 2792 Anstoss
1166 2745 1279 2806 nahmen,

225 2807 275 2870 sal,
297 2809 336 2858 dle
357 2823 387 2857 er
401 2810 447 2858 mit
463 2812 523 2859 naoh
540 2811 602 2860 Brit
620 2812 724 2860 nebmex
779 2811 810 2858 da
822 2810 859 2859 sie
871 2810 917 2859 onl
926 2811 971 2859 der
980 2810 1095 2876 Sequana
1105 2825 1137 2860 on
1147 2811 1188 2860 die
1197 2809 1279 2862 llilste

224 2875 327 2925 wollte:
341 2891 362 2925 o.
376 2877 399 2924 5.
412 2893 436 2925 u.
449 2875 473 2926 6.
779 2877 899 2938 gebracht
911 2879 1013 2928 werden
1025 2878 1134 2927 lonnten
1149 2879 1207 2939 (wie
1219 2879 1244 2928 3.
1254 2879 1279 2940 9,

259 2964 284 3014 3ο
299 2967 724 3034 pmpibmconvocatis-1103:
782 2943 862 2994 loul‘
878 2946 933 2994 dem
954 2944 1048 3009 Liger),
1069 2946 1152 2994 zumal
1172 2945 1213 2996 bei
1234 2948 1280 2996 der
1389 2991 1390 3014 ,

225 3031 250 3080 4⁹
263 3031 304 3094 21,
317 3033 340 3081 5·
349 3061 383 3068 ,,
396 3038 468 3084 ww„
477 3039 662 3103 perspexisset,
674 3038 724 3086 wie
768 3012 843 3065 ¹oben
861 3014 1006 3063 erwibnten
1018 3012 1218 3064 neseloffenneit
1235 3015 1280 3064 der

224 3079 1279 3162 emaummmmmameSfflffl-wmmmmstffi&
1389 3085 1390 3122 ³

225 3167 287 3216 auch
312 3167 375 3216 obue
400 3168 439 3216 die
463 3168 534 3220 Orat.
557 3169 605 3220 obl.
628 3173 724 3222 steben.
778 3151 914 3213 “dim'‘
926 3147 1043 3212 4.35‚2.

225 3233 297 3284 Eboo
310 3247 338 3283 so
352 3236 473 3285 ruobber:
487 3241 530 3302 qui
540 3239 688 3303 —sm'csel
814 3215 837 3265 3·
859 3215 957 3266 milium
969 3233 1009 3282 ⁹¹¹·
1022 3231 1072 3266 Μ
1083 3219 1212 3282 ‘lusiam'
1223 3217 1279 3298 'MP

778 3311 814 3320 --
824 3299 931 3334 nermo
943 3286 989 3334 der
1003 3285 1129 3334 bekenele
1140 3284 1279 3350 pleonasia-

259 3324 284 3375 4·
303 3341 378 3376 “mm
388 3331 503 3392 gratiam
513 3332 607 3380 71111111ῖῖ
623 3327 725 3394 Elem·
781 3351 1279 3416 seleZosatzbeizollbesumnungen.
1388 3359 1389 3362 ’

226 3393 1280 3476 ΜηΜἯὰ1ΗψιιΗωᾶωΜ-ωψ

223 3466 351 3527 grabam:
374 3461 468 3526 Gunst,
485 3464 615 3529 Anselren,
633 3481 657 3515 ur
670 3467 726 3516 dein
779 3457 861 3537 Μὰ,
873 3486 897 3537 4,
912 3458 950 3551 qq,
966 3488 989 3537 1,
1064 3458 1071 3484 '

226 3544 255 3579 er
272 3530 353 3579 sunu.
370 3559 405 3568 -
420 3531 468 3581 boo
484 3531 587 3583 dolore:
611 3549 632 3582 c.
652 3533 691 3597 19,
710 3533 724 3582 2
813 3545 844 3604 q,
870 3555 892 3605 1·
914 3513 1299 3606 ant,1⁸53·„‚1(5..24)‚..¹

228 3595 261 3659 (3·
277 3596 316 3661 13,
329 3598 364 3662 5).
778 3626 1001 3688 magnauram-'-
1014 3627 1183 3688 cognoceret.-
1202 3624 1224 3673 1.
1236 3623 1277 3686 28,

178 3719 181 3732 .
260 3674 290 3731 5.
312 3681 334 3731 1.
356 3686 515 3736 constitutis.-
532 3683 678 3748 ‘geordnet‘.
701 3686 725 3736 l.
780 3690 804 3739 5.
821 3691 902 3754 ver-gl.
922 3691 944 3740 1.
961 3689 1004 3752 18,
1017 3690 1041 3740 3.
1057 3717 1091 3728 -
1106 3691 1228 3760 cupidum
1244 3719 1279 3728 —

226 3747 304 3815 23,1.
708 3759 716 3778 “
778 3773 896 3823 maguae.
928 3759 973 3808 llio
989 3758 1121 3824 Anapbora
1138 3761 1185 3810 der
1200 3759 1277 3809 Adie-

260 3816 284 3866 2.
314 3820 340 3867 in
364 3818 462 3870 Meldia.
492 3819 577 3870 Wenn
600 3823 662 3872 anob
685 3822 725 3870 dle
779 3827 846 3876 etivo
859 3826 1277 3890 norllervorlrebnngderwiebti·

226 3883 305 3934 Meldi
332 3885 458 3948 jedenlals
486 3887 518 3936 im
545 3887 725 3952 Rinnenlaode,
779 3908 840 3957 gen,
870 3893 911 3943 ibn
941 3893 1136 3944 bestimmendon
1166 3893 1277 3945 Griinde.
1387 3939 1388 3948 ,

227 3951 352 4000 zwiscben
370 3953 444 4004 Seiae
464 3956 514 4004 und
530 3954 629 4018 Marna,
650 3957 726 4007 ober-
779 3959 866 4024 Vergl.
882 3960 904 4010 1.
918 3961 962 4026 19,
975 3961 998 4012 2.
1023 3962 1048 4011 ’1.
1061 3960 1106 4027 38,
1119 3961 1143 4012 2.
1167 3961 1234 4013 1111.
1254 3962 1277 4011 l.

225 4017 283 4070 halb
299 4017 371 4069 Paris
391 4022 521 4088 wobnten,
543 4038 572 4072 so
593 4023 653 4075 duri
669 4039 725 4075 inan
779 4027 820 4091 49,
837 4028 886 4078 lu.
899 4029 923 4078 5.
1261 4043 1263 4051 “
