<?xml version="1.0" encoding="UTF-8"?>
<!DOCTYPE html PUBLIC "-//W3C//DTD XHTML 1.0 Transitional//EN"
    "http://www.w3.org/TR/xhtml1/DTD/xhtml1-transitional.dtd">
<html xmlns="http://www.w3.org/1999/xhtml" xml:lang="en" lang="en">
 <head>
  <title>
</title>
<meta http-equiv="Content-Type" content="text/html;charset=utf-8" />
  <meta name='ocr-system' content='tesseract 3.04.00' />
  <meta name='ocr-capabilities' content='ocr_page ocr_carea ocr_par ocr_line ocrx_word'/>
</head>
<body>
  <div class='ocr_page' id='page_1' title='image "./ciuliicaesarisc04krangoog_0267.png"; bbox 0 0 2828 4480; ppageno 0'>
   <div class='ocr_carea' id='block_1_1' title="bbox 207 315 897 402">
    <p class='ocr_par' dir='ltr' id='par_1_1' title="bbox 207 315 897 402">
     <span class='ocr_line' id='line_1_1' title="bbox 207 315 897 402; baseline -0.023 1"><span class='ocrx_word' id='word_1_1' title='bbox 207 331 270 402; x_wconf 74' lang='grc'><strong>151</strong></span> <span class='ocrx_word' id='word_1_2' title='bbox 569 337 613 389; x_wconf 87' lang='lat' dir='ltr'>nn</span> <span class='ocrx_word' id='word_1_3' title='bbox 631 315 745 389; x_wconf 75' lang='lat' dir='ltr'>odino</span> <span class='ocrx_word' id='word_1_4' title='bbox 757 334 897 390; x_wconf 80' lang='lat' dir='ltr'>cancico</span> 
     </span>
    </p>
   </div>
   <div class='ocr_carea' id='block_1_2' title="bbox 170 483 1263 809">
    <p class='ocr_par' dir='ltr' id='par_1_2' title="bbox 170 483 1263 809">
     <span class='ocr_line' id='line_1_2' title="bbox 170 483 1263 572; baseline -0.007 -16"><span class='ocrx_word' id='word_1_5' title='bbox 170 505 187 556; x_wconf 86' lang='grc'><strong>4</strong></span> <span class='ocrx_word' id='word_1_6' title='bbox 206 493 425 572; x_wconf 70' lang='lat' dir='ltr'>Bdrbtrri‘sig&#39;na</span> <span class='ocrx_word' id='word_1_7' title='bbox 443 490 551 572; x_wconf 80' lang='lat' dir='ltr'>promi</span> <span class='ocrx_word' id='word_1_8' title='bbox 565 491 724 572; x_wconf 83' lang='lat' dir='ltr'>conspicati</span> <span class='ocrx_word' id='word_1_9' title='bbox 740 491 958 571; x_wconf 74' lang='lat' dir='ltr'>oppugnatione</span> <span class='ocrx_word' id='word_1_10' title='bbox 972 489 1133 550; x_wconf 59' lang='lat' dir='ltr'>desistunt?</span> <span class='ocrx_word' id='word_1_11' title='bbox 1148 483 1263 550; x_wconf 78' lang='lat' dir='ltr'><strong>redisse</strong></span> 
     </span>
     <span class='ocr_line' id='line_1_3' title="bbox 206 572 1261 660; baseline -0.007 -21"><span class='ocrx_word' id='word_1_12' title='bbox 206 579 302 658; x_wconf 83' lang='lat' dir='ltr'>primo</span> <span class='ocrx_word' id='word_1_13' title='bbox 321 578 449 656; x_wconf 79' lang='lat' dir='ltr'>legiones</span> <span class='ocrx_word' id='word_1_14' title='bbox 470 576 603 649; x_wconf 79' lang='lat' dir='ltr'>eredunt,</span> <span class='ocrx_word' id='word_1_15' title='bbox 625 592 695 656; x_wconf 90' lang='lat' dir='ltr'>quas</span> <span class='ocrx_word' id='word_1_16' title='bbox 711 577 825 660; x_wconf 87' lang='lat' dir='ltr'>longius</span> <span class='ocrx_word' id='word_1_17' title='bbox 842 574 1009 636; x_wconf 84' lang='lat' dir='ltr'>discessisse</span> <span class='ocrx_word' id='word_1_18' title='bbox 1024 593 1058 634; x_wconf 88' lang='lat' dir='ltr'>ex</span> <span class='ocrx_word' id='word_1_19' title='bbox 1073 572 1191 653; x_wconf 85' lang='lat' dir='ltr'>captivis</span> <span class='ocrx_word' id='word_1_20' title='bbox 1207 591 1261 634; x_wconf 93' lang='lat' dir='ltr'>co·</span> 
     </span>
     <span class='ocr_line' id='line_1_4' title="bbox 205 657 1261 809; baseline -0.005 -86"><span class='ocrx_word' id='word_1_21' title='bbox 205 669 499 809; x_wconf 53' lang='lat' dir='ltr'>qlqplquqiqqutpostea</span> <span class='ocrx_word' id='word_1_22' title='bbox 511 661 647 742; x_wconf 88' lang='lat' dir='ltr'>despecta</span> <span class='ocrx_word' id='word_1_23' title='bbox 661 661 803 756; x_wconf 80' lang='lat' dir='ltr'>paucitate</span> <span class='ocrx_word' id='word_1_24' title='bbox 820 680 853 720; x_wconf 87' lang='lat' dir='ltr'>ex</span> <span class='ocrx_word' id='word_1_25' title='bbox 869 659 1005 722; x_wconf 89' lang='lat' dir='ltr'>onmibus</span> <span class='ocrx_word' id='word_1_26' title='bbox 1018 658 1149 772; x_wconf 85' lang='lat' dir='ltr'>partibus</span> <span class='ocrx_word' id='word_1_27' title='bbox 1164 657 1261 750; x_wconf 89' lang='lat' dir='ltr'>impe-</span> 
     </span>
    </p>
   </div>
   <div class='ocr_carea' id='block_1_3' title="bbox 249 825 1270 910">
    <p class='ocr_par' dir='ltr' id='par_1_3' title="bbox 249 825 1270 910">
     <span class='ocr_line' id='line_1_5' title="bbox 249 825 1270 910; baseline -0.012 -12"><span class='ocrx_word' id='word_1_28' title='bbox 249 846 251 855; x_wconf 81' lang='grc'>’</span> <span class='ocrx_word' id='word_1_29' title='bbox 270 845 272 857; x_wconf 74' lang='grc'><strong>“</strong></span> <span class='ocrx_word' id='word_1_30' title='bbox 291 839 342 898; x_wconf 87' lang='grc'>40.</span> <span class='ocrx_word' id='word_1_31' title='bbox 374 830 539 892; x_wconf 72' lang='grc'><strong>(1510113313</strong></span> <span class='ocrx_word' id='word_1_32' title='bbox 553 830 721 910; x_wconf 80' lang='lat' dir='ltr'>proximum</span> <span class='ocrx_word' id='word_1_33' title='bbox 734 831 878 891; x_wconf 91' lang='lat' dir='ltr'>tumulum</span> <span class='ocrx_word' id='word_1_34' title='bbox 889 837 1074 909; x_wconf 87' lang='lat' dir='ltr'>procurrunt.</span> <span class='ocrx_word' id='word_1_35' title='bbox 1096 827 1171 888; x_wconf 90' lang='lat' dir='ltr'>Hinc</span> <span class='ocrx_word' id='word_1_36' title='bbox 1186 825 1270 888; x_wconf 86' lang='lat' dir='ltr'>cele-.</span> 
     </span>
    </p>
   </div>
   <div class='ocr_carea' id='block_1_4' title="bbox 171 911 1265 2180">
    <p class='ocr_par' dir='ltr' id='par_1_4' title="bbox 171 911 1265 2180">
     <span class='ocr_line' id='line_1_6' title="bbox 207 911 1262 994; baseline -0.005 -17"><span class='ocrx_word' id='word_1_37' title='bbox 207 917 276 977; x_wconf 90' lang='lat' dir='ltr'>riter</span> <span class='ocrx_word' id='word_1_38' title='bbox 291 915 391 980; x_wconf 86' lang='lat' dir='ltr'>deiecti</span> <span class='ocrx_word' id='word_1_39' title='bbox 411 935 443 976; x_wconf 91' lang='lat' dir='ltr'>se</span> <span class='ocrx_word' id='word_1_40' title='bbox 461 915 492 976; x_wconf 93' lang='lat' dir='ltr'>in</span> <span class='ocrx_word' id='word_1_41' title='bbox 509 915 591 993; x_wconf 86' lang='lat' dir='ltr'>signa</span> <span class='ocrx_word' id='word_1_42' title='bbox 606 915 828 994; x_wconf 85' lang='lat' dir='ltr'>manipulosque</span> <span class='ocrx_word' id='word_1_43' title='bbox 843 914 1002 976; x_wconf 89' lang='lat' dir='ltr'>coniciunt:</span> <span class='ocrx_word' id='word_1_44' title='bbox 1022 932 1057 974; x_wconf 91' lang='lat' dir='ltr'>eo</span> <span class='ocrx_word' id='word_1_45' title='bbox 1072 911 1164 990; x_wconf 83' lang='lat' dir='ltr'>magis</span> <span class='ocrx_word' id='word_1_46' title='bbox 1179 911 1262 972; x_wconf 86' lang='lat' dir='ltr'>timi-</span> 
     </span>
     <span class='ocr_line' id='line_1_7' title="bbox 171 998 1262 1081; baseline -0.002 -23"><span class='ocrx_word' id='word_1_47' title='bbox 171 1008 186 1058; x_wconf 83' lang='lat'>2</span> <span class='ocrx_word' id='word_1_48' title='bbox 208 1002 262 1062; x_wconf 90' lang='lat' dir='ltr'>dos</span> <span class='ocrx_word' id='word_1_49' title='bbox 276 1007 438 1081; x_wconf 88' lang='lat' dir='ltr'>perterrent</span> <span class='ocrx_word' id='word_1_50' title='bbox 452 999 566 1060; x_wconf 82' lang='lat' dir='ltr'>milites.</span> <span class='ocrx_word' id='word_1_51' title='bbox 593 1000 658 1073; x_wconf 79' lang='lat' dir='ltr'>Alii,</span> <span class='ocrx_word' id='word_1_52' title='bbox 675 1019 765 1061; x_wconf 88' lang='lat' dir='ltr'>cuneo</span> <span class='ocrx_word' id='word_1_53' title='bbox 782 1002 856 1061; x_wconf 88' lang='lat' dir='ltr'>facto</span> <span class='ocrx_word' id='word_1_54' title='bbox 872 1007 905 1060; x_wconf 90' lang='lat' dir='ltr'>ut</span> <span class='ocrx_word' id='word_1_55' title='bbox 920 998 1048 1060; x_wconf 78' lang='lat' dir='ltr'>celeriter</span> <span class='ocrx_word' id='word_1_56' title='bbox 1061 1003 1262 1077; x_wconf 85' lang='lat' dir='ltr'>perrumpant,</span> 
     </span>
     <span class='ocr_line' id='line_1_8' title="bbox 208 1081 1263 1165; baseline -0.005 -18"><span class='ocrx_word' id='word_1_57' title='bbox 208 1093 339 1160; x_wconf 87' lang='lat' dir='ltr'>censent,</span> <span class='ocrx_word' id='word_1_58' title='bbox 366 1085 506 1164; x_wconf 81' lang='lat' dir='ltr'>quopiam</span> <span class='ocrx_word' id='word_1_59' title='bbox 523 1093 582 1144; x_wconf 85' lang='lat' dir='ltr'>tam</span> <span class='ocrx_word' id='word_1_60' title='bbox 602 1085 767 1165; x_wconf 91' lang='lat' dir='ltr'>propinqua</span> <span class='ocrx_word' id='word_1_61' title='bbox 786 1085 844 1145; x_wconf 87' lang='lat' dir='ltr'>sint</span> <span class='ocrx_word' id='word_1_62' title='bbox 863 1091 968 1159; x_wconf 89' lang='lat' dir='ltr'>castra,</span> <span class='ocrx_word' id='word_1_63' title='bbox 988 1091 1015 1144; x_wconf 91' lang='lat' dir='ltr'>et</span> <span class='ocrx_word' id='word_1_64' title='bbox 1032 1083 1060 1143; x_wconf 83' lang='lat' dir='ltr'>¹si</span> <span class='ocrx_word' id='word_1_65' title='bbox 1079 1098 1147 1162; x_wconf 88' lang='lat' dir='ltr'>pars</span> <span class='ocrx_word' id='word_1_66' title='bbox 1167 1081 1263 1160; x_wconf 89' lang='lat' dir='ltr'>aliqua</span> 
     </span>
     <span class='ocr_line' id='line_1_9' title="bbox 171 1165 1263 1248; baseline -0.004 -18"><span class='ocrx_word' id='word_1_67' title='bbox 171 1175 186 1224; x_wconf 85' lang='lat'><strong>3</strong></span> <span class='ocrx_word' id='word_1_68' title='bbox 209 1171 401 1231; x_wconf 86' lang='lat' dir='ltr'>circumventa</span> <span class='ocrx_word' id='word_1_69' title='bbox 416 1168 556 1242; x_wconf 82' lang='lat' dir='ltr'>ceciderit,</span> <span class='ocrx_word' id='word_1_70' title='bbox 571 1175 601 1230; x_wconf 87' lang='lat' dir='ltr'>at</span> <span class='ocrx_word' id='word_1_71' title='bbox 614 1169 742 1247; x_wconf 89' lang='lat' dir='ltr'>reliquos</span> <span class='ocrx_word' id='word_1_72' title='bbox 758 1169 864 1230; x_wconf 82' lang='lat' dir='ltr'>servari</span> <span class='ocrx_word' id='word_1_73' title='bbox 879 1187 967 1248; x_wconf 91' lang='lat' dir='ltr'>posse</span> <span class='ocrx_word' id='word_1_74' title='bbox 986 1165 1148 1240; x_wconf 78' lang='lat' dir='ltr'>confidunt3</span> <span class='ocrx_word' id='word_1_75' title='bbox 1164 1166 1217 1239; x_wconf 89' lang='lat' dir='ltr'>alii,</span> <span class='ocrx_word' id='word_1_76' title='bbox 1230 1173 1263 1226; x_wconf 85' lang='lat' dir='ltr'>ut</span> 
     </span>
     <span class='ocr_line' id='line_1_10' title="bbox 172 1251 1262 1332; baseline 0.001 -23"><span class='ocrx_word' id='word_1_77' title='bbox 172 1259 188 1309; x_wconf 86' lang='grc'><strong>4</strong></span> <span class='ocrx_word' id='word_1_78' title='bbox 208 1255 238 1315; x_wconf 90' lang='lat' dir='ltr'>in</span> <span class='ocrx_word' id='word_1_79' title='bbox 258 1255 325 1332; x_wconf 85' lang='lat' dir='ltr'>iugo</span> <span class='ocrx_word' id='word_1_80' title='bbox 347 1255 506 1316; x_wconf 89' lang='lat' dir='ltr'>consistant</span> <span class='ocrx_word' id='word_1_81' title='bbox 525 1264 610 1332; x_wconf 89' lang='lat' dir='ltr'>atque</span> <span class='ocrx_word' id='word_1_82' title='bbox 625 1254 748 1314; x_wconf 87' lang='lat' dir='ltr'>eundem</span> <span class='ocrx_word' id='word_1_83' title='bbox 764 1272 866 1314; x_wconf 90' lang='lat' dir='ltr'>omnes</span> <span class='ocrx_word' id='word_1_84' title='bbox 882 1256 975 1332; x_wconf 89' lang='lat' dir='ltr'>lerant</span> <span class='ocrx_word' id='word_1_85' title='bbox 989 1272 1098 1313; x_wconf 87' lang='lat' dir='ltr'>casum.</span> <span class='ocrx_word' id='word_1_86' title='bbox 1131 1251 1196 1312; x_wconf 92' lang='lat' dir='ltr'>Hoc</span> <span class='ocrx_word' id='word_1_87' title='bbox 1211 1269 1262 1310; x_wconf 87' lang='lat' dir='ltr'>ve-</span> 
     </span>
     <span class='ocr_line' id='line_1_11' title="bbox 208 1335 1262 1418; baseline -0.004 -18"><span class='ocrx_word' id='word_1_88' title='bbox 208 1346 288 1418; x_wconf 77' lang='lat' dir='ltr'>¹teres</span> <span class='ocrx_word' id='word_1_89' title='bbox 297 1353 359 1399; x_wconf 86' lang='lat' dir='ltr'>non</span> <span class='ocrx_word' id='word_1_90' title='bbox 373 1339 499 1417; x_wconf 86' lang='lat' dir='ltr'>probant</span> <span class='ocrx_word' id='word_1_91' title='bbox 513 1338 627 1418; x_wconf 81' lang='lat' dir='ltr'>milites,</span> <span class='ocrx_word' id='word_1_92' title='bbox 644 1358 718 1418; x_wconf 91' lang='lat' dir='ltr'>quos</span> <span class='ocrx_word' id='word_1_93' title='bbox 733 1339 789 1399; x_wconf 90' lang='lat' dir='ltr'>suh</span> <span class='ocrx_word' id='word_1_94' title='bbox 803 1339 909 1400; x_wconf 83' lang='lat' dir='ltr'>vexillo·</span> <span class='ocrx_word' id='word_1_95' title='bbox 921 1355 979 1398; x_wconf 85' lang='lat' dir='ltr'>una</span> <span class='ocrx_word' id='word_1_96' title='bbox 994 1339 1142 1416; x_wconf 86' lang='lat' dir='ltr'>profectos</span> <span class='ocrx_word' id='word_1_97' title='bbox 1158 1335 1262 1397; x_wconf 87' lang='lat' dir='ltr'>docui-</span> 
     </span>
     <span class='ocr_line' id='line_1_12' title="bbox 207 1420 1263 1503; baseline -0.003 -19"><span class='ocrx_word' id='word_1_98' title='bbox 207 1439 283 1484; x_wconf 83' lang='lat' dir='ltr'>mus</span> <span class='ocrx_word' id='word_1_99' title='bbox 315 1424 415 1503; x_wconf 82' lang='lat' dir='ltr'>ltaque</span> <span class='ocrx_word' id='word_1_100' title='bbox 435 1423 511 1484; x_wconf 90' lang='lat' dir='ltr'>inter</span> <span class='ocrx_word' id='word_1_101' title='bbox 529 1442 560 1484; x_wconf 92' lang='lat' dir='ltr'>se</span> <span class='ocrx_word' id='word_1_102' title='bbox 580 1424 723 1484; x_wconf 89' lang='lat' dir='ltr'>cohortati</span> <span class='ocrx_word' id='word_1_103' title='bbox 737 1424 809 1484; x_wconf 92' lang='lat' dir='ltr'>duce</span> <span class='ocrx_word' id='word_1_104' title='bbox 823 1424 894 1485; x_wconf 87' lang='lat' dir='ltr'>Gaio</span> <span class='ocrx_word' id='word_1_105' title='bbox 909 1422 1070 1496; x_wconf 87' lang='lat' dir='ltr'>Trebonio,</span> <span class='ocrx_word' id='word_1_106' title='bbox 1090 1421 1184 1500; x_wconf 91' lang='lat' dir='ltr'>equite</span> <span class='ocrx_word' id='word_1_107' title='bbox 1198 1420 1263 1482; x_wconf 88' lang='lat' dir='ltr'>Ro-</span> 
     </span>
     <span class='ocr_line' id='line_1_13' title="bbox 207 1508 1263 1588; baseline -0.004 -20"><span class='ocrx_word' id='word_1_108' title='bbox 207 1527 308 1582; x_wconf 89' lang='lat' dir='ltr'>mano,</span> <span class='ocrx_word' id='word_1_109' title='bbox 327 1509 377 1588; x_wconf 89' lang='lat' dir='ltr'>qui</span> <span class='ocrx_word' id='word_1_110' title='bbox 396 1508 438 1570; x_wconf 92' lang='lat' dir='ltr'>eis</span> <span class='ocrx_word' id='word_1_111' title='bbox 459 1515 520 1570; x_wconf 89' lang='lat' dir='ltr'>erat</span> <span class='ocrx_word' id='word_1_112' title='bbox 538 1509 736 1588; x_wconf 62' lang='lat' dir='ltr'>praepositus</span> <span class='ocrx_word' id='word_1_113' title='bbox 754 1524 807 1587; x_wconf 91' lang='lat' dir='ltr'>per</span> <span class='ocrx_word' id='word_1_114' title='bbox 826 1508 938 1569; x_wconf 88' lang='lat' dir='ltr'>medios</span> <span class='ocrx_word' id='word_1_115' title='bbox 953 1509 1052 1568; x_wconf 90' lang='lat' dir='ltr'>hostes</span> <span class='ocrx_word' id='word_1_116' title='bbox 1067 1513 1263 1586; x_wconf 84' lang='lat' dir='ltr'>perrumpunt</span> 
     </span>
     <span class='ocr_line' id='line_1_14' title="bbox 172 1590 1262 1672; baseline -0.001 -22"><span class='ocrx_word' id='word_1_117' title='bbox 172 1601 187 1650; x_wconf 84' lang='lat'>5</span> <span class='ocrx_word' id='word_1_118' title='bbox 207 1593 425 1671; x_wconf 84' lang='lat' dir='ltr'>incolumesque</span> <span class='ocrx_word' id='word_1_119' title='bbox 440 1593 475 1654; x_wconf 87' lang='lat' dir='ltr'>ad</span> <span class='ocrx_word' id='word_1_120' title='bbox 491 1591 582 1654; x_wconf 87' lang='lat' dir='ltr'>unum</span> <span class='ocrx_word' id='word_1_121' title='bbox 598 1612 700 1654; x_wconf 89' lang='lat' dir='ltr'>omnes</span> <span class='ocrx_word' id='word_1_122' title='bbox 715 1593 746 1652; x_wconf 94' lang='lat' dir='ltr'>in</span> <span class='ocrx_word' id='word_1_123' title='bbox 762 1601 854 1654; x_wconf 89' lang='lat' dir='ltr'>castra</span> <span class='ocrx_word' id='word_1_124' title='bbox 869 1593 1047 1672; x_wconf 92' lang='lat' dir='ltr'>perveniunt.</span> <span class='ocrx_word' id='word_1_125' title='bbox 1080 1591 1141 1650; x_wconf 91' lang='lat' dir='ltr'>Hos</span> <span class='ocrx_word' id='word_1_126' title='bbox 1157 1590 1262 1650; x_wconf 88' lang='lat' dir='ltr'>subse·</span> 
     </span>
     <span class='ocr_line' id='line_1_15' title="bbox 209 1677 1262 1757; baseline -0.005 -19"><span class='ocrx_word' id='word_1_127' title='bbox 209 1678 266 1738; x_wconf 89' lang='lat' dir='ltr'>cuti</span> <span class='ocrx_word' id='word_1_128' title='bbox 286 1678 399 1739; x_wconf 90' lang='lat' dir='ltr'>calones</span> <span class='ocrx_word' id='word_1_129' title='bbox 420 1679 588 1757; x_wconf 87' lang='lat' dir='ltr'>equitesque</span> <span class='ocrx_word' id='word_1_130' title='bbox 602 1679 705 1738; x_wconf 91' lang='lat' dir='ltr'>eodem</span> <span class='ocrx_word' id='word_1_131' title='bbox 720 1677 831 1756; x_wconf 90' lang='lat' dir='ltr'>impetu</span> <span class='ocrx_word' id='word_1_132' title='bbox 845 1677 969 1738; x_wconf 90' lang='lat' dir='ltr'>militum</span> <span class='ocrx_word' id='word_1_133' title='bbox 982 1677 1086 1737; x_wconf 82' lang='lat' dir='ltr'>virtute</span> <span class='ocrx_word' id='word_1_134' title='bbox 1101 1683 1262 1736; x_wconf 85' lang='lat' dir='ltr'>servantur.</span> 
     </span>
     <span class='ocr_line' id='line_1_16' title="bbox 173 1759 1262 1842; baseline -0.002 -21"><span class='ocrx_word' id='word_1_135' title='bbox 173 1771 189 1821; x_wconf 88' lang='lat'><strong>6</strong></span> <span class='ocrx_word' id='word_1_136' title='bbox 208 1762 246 1822; x_wconf 82' lang='lat' dir='ltr'>At</span> <span class='ocrx_word' id='word_1_137' title='bbox 260 1762 292 1837; x_wconf 93' lang='lat' dir='ltr'>ii,</span> <span class='ocrx_word' id='word_1_138' title='bbox 308 1763 357 1840; x_wconf 92' lang='lat' dir='ltr'>qui</span> <span class='ocrx_word' id='word_1_139' title='bbox 371 1763 402 1822; x_wconf 93' lang='lat' dir='ltr'>in</span> <span class='ocrx_word' id='word_1_140' title='bbox 416 1763 484 1842; x_wconf 83' lang='lat' dir='ltr'>iugo</span> <span class='ocrx_word' id='word_1_141' title='bbox 500 1763 700 1835; x_wconf 88' lang='lat' dir='ltr'>constiterant,</span> <span class='ocrx_word' id='word_1_142' title='bbox 715 1763 801 1823; x_wconf 91' lang='lat' dir='ltr'>nullo·</span> <span class='ocrx_word' id='word_1_143' title='bbox 811 1763 897 1823; x_wconf 89' lang='lat' dir='ltr'>etiam</span> <span class='ocrx_word' id='word_1_144' title='bbox 912 1779 990 1822; x_wconf 93' lang='lat' dir='ltr'>nunc</span> <span class='ocrx_word' id='word_1_145' title='bbox 1004 1780 1061 1822; x_wconf 90' lang='lat' dir='ltr'>usu</span> <span class='ocrx_word' id='word_1_146' title='bbox 1075 1760 1116 1822; x_wconf 88' lang='lat' dir='ltr'>rei</span> <span class='ocrx_word' id='word_1_147' title='bbox 1131 1759 1262 1820; x_wconf 89' lang='lat' dir='ltr'>militaris</span> 
     </span>
     <span class='ocr_line' id='line_1_17' title="bbox 208 1846 1265 1926; baseline -0.002 -20"><span class='ocrx_word' id='word_1_148' title='bbox 208 1854 344 1925; x_wconf 91' lang='lat' dir='ltr'>percepto</span> <span class='ocrx_word' id='word_1_149' title='bbox 360 1865 454 1926; x_wconf 91' lang='lat' dir='ltr'>neque</span> <span class='ocrx_word' id='word_1_150' title='bbox 468 1847 498 1906; x_wconf 95' lang='lat' dir='ltr'>in</span> <span class='ocrx_word' id='word_1_151' title='bbox 512 1866 560 1920; x_wconf 89' lang='lat' dir='ltr'>eo,</span> <span class='ocrx_word' id='word_1_152' title='bbox 576 1849 654 1926; x_wconf 93' lang='lat' dir='ltr'>quod</span> <span class='ocrx_word' id='word_1_153' title='bbox 670 1847 873 1926; x_wconf 89' lang='lat' dir='ltr'>probaverant,</span> <span class='ocrx_word' id='word_1_154' title='bbox 893 1846 1013 1908; x_wconf 90' lang='lat' dir='ltr'>consilio</span> <span class='ocrx_word' id='word_1_155' title='bbox 1030 1862 1215 1926; x_wconf 86' lang='lat' dir='ltr'>permanere,</span> <span class='ocrx_word' id='word_1_156' title='bbox 1230 1852 1265 1904; x_wconf 88' lang='lat' dir='ltr'>ut</span> 
     </span>
     <span class='ocr_line' id='line_1_18' title="bbox 209 1927 1263 2011; baseline -0.004 -19"><span class='ocrx_word' id='word_1_157' title='bbox 209 1951 241 1992; x_wconf 86' lang='lat' dir='ltr'>se</span> <span class='ocrx_word' id='word_1_158' title='bbox 259 1931 324 1991; x_wconf 89' lang='lat' dir='ltr'>loco</span> <span class='ocrx_word' id='word_1_159' title='bbox 345 1932 496 2010; x_wconf 89' lang='lat' dir='ltr'>superiore</span> <span class='ocrx_word' id='word_1_160' title='bbox 515 1932 712 2005; x_wconf 81' lang='lat' dir='ltr'>defenderent,</span> <span class='ocrx_word' id='word_1_161' title='bbox 734 1950 829 2010; x_wconf 91' lang='lat' dir='ltr'>neque</span> <span class='ocrx_word' id='word_1_162' title='bbox 850 1951 913 1992; x_wconf 90' lang='lat' dir='ltr'>eam</span> <span class='ocrx_word' id='word_1_163' title='bbox 933 1951 1020 2011; x_wconf 88' lang='lat' dir='ltr'>quam</span> <span class='ocrx_word' id='word_1_164' title='bbox 1039 1931 1181 2010; x_wconf 89' lang='lat' dir='ltr'>prodesse</span> <span class='ocrx_word' id='word_1_165' title='bbox 1200 1927 1263 1989; x_wconf 90' lang='lat' dir='ltr'>aliis</span> 
     </span>
     <span class='ocr_line' id='line_1_19' title="bbox 207 2014 1264 2098; baseline -0.001 -24"><span class='ocrx_word' id='word_1_166' title='bbox 207 2015 266 2074; x_wconf 89' lang='lat' dir='ltr'>virn</span> <span class='ocrx_word' id='word_1_167' title='bbox 286 2015 517 2095; x_wconf 85' lang='lat' dir='ltr'>celeritatemque</span> <span class='ocrx_word' id='word_1_168' title='bbox 534 2015 664 2098; x_wconf 80' lang='lat' dir='ltr'>viderant</span> <span class='ocrx_word' id='word_1_169' title='bbox 683 2015 788 2077; x_wconf 91' lang='lat' dir='ltr'>imitari</span> <span class='ocrx_word' id='word_1_170' title='bbox 807 2022 977 2095; x_wconf 91' lang='lat' dir='ltr'>potuerunt,</span> <span class='ocrx_word' id='word_1_171' title='bbox 999 2017 1049 2076; x_wconf 91' lang='lat' dir='ltr'>sed</span> <span class='ocrx_word' id='word_1_172' title='bbox 1069 2034 1101 2076; x_wconf 89' lang='lat' dir='ltr'>se</span> <span class='ocrx_word' id='word_1_173' title='bbox 1120 2014 1151 2074; x_wconf 91' lang='lat' dir='ltr'>in</span> <span class='ocrx_word' id='word_1_174' title='bbox 1170 2019 1264 2074; x_wconf 86' lang='lat' dir='ltr'>castra</span> 
     </span>
     <span class='ocr_line' id='line_1_20' title="bbox 172 2098 1263 2180; baseline -0.002 -20"><span class='ocrx_word' id='word_1_175' title='bbox 172 2109 187 2126; x_wconf 85' lang='grc'><strong>”</strong></span> <span class='ocrx_word' id='word_1_176' title='bbox 208 2099 337 2178; x_wconf 89' lang='lat' dir='ltr'>recipere</span> <span class='ocrx_word' id='word_1_177' title='bbox 353 2099 446 2160; x_wconf 86' lang='lat' dir='ltr'>conati</span> <span class='ocrx_word' id='word_1_178' title='bbox 461 2100 594 2180; x_wconf 90' lang='lat' dir='ltr'>iniquum</span> <span class='ocrx_word' id='word_1_179' title='bbox 608 2101 639 2162; x_wconf 92' lang='lat' dir='ltr'>in</span> <span class='ocrx_word' id='word_1_180' title='bbox 653 2101 750 2162; x_wconf 91' lang='lat' dir='ltr'>locum</span> <span class='ocrx_word' id='word_1_181' title='bbox 762 2101 948 2174; x_wconf 88' lang='lat' dir='ltr'>demiserunt.</span> <span class='ocrx_word' id='word_1_182' title='bbox 975 2098 1174 2173; x_wconf 87' lang='lat' dir='ltr'>Centuriones,</span> <span class='ocrx_word' id='word_1_183' title='bbox 1187 2116 1263 2178; x_wconf 91' lang='lat' dir='ltr'>quo—</span> 
     </span>
    </p>
   </div>
   <div class='ocr_carea' id='block_1_5' title="bbox 116 2273 1264 2891">
    <p class='ocr_par' dir='ltr' id='par_1_5' title="bbox 135 2273 1106 2354">
     <span class='ocr_line' id='line_1_21' title="bbox 135 2273 1106 2354; baseline 0.001 -22"><span class='ocrx_word' id='word_1_184' title='bbox 135 2345 142 2354; x_wconf 36' lang='lat'><em>]</em></span> <span class='ocrx_word' id='word_1_185' title='bbox 243 2273 295 2332; x_wconf 79' lang='grc'><strong>411.</strong></span> <span class='ocrx_word' id='word_1_186' title='bbox 315 2283 337 2332; x_wconf 93' lang='grc'>1.</span> <span class='ocrx_word' id='word_1_187' title='bbox 363 2286 390 2333; x_wconf 80' lang='lat' dir='ltr'>ait</span> <span class='ocrx_word' id='word_1_188' title='bbox 410 2286 487 2349; x_wconf 75' lang='lat' dir='ltr'>signa</span> <span class='ocrx_word' id='word_1_189' title='bbox 504 2284 709 2351; x_wconf 70' lang='lat' dir='ltr'>manipulosque:</span> <span class='ocrx_word' id='word_1_190' title='bbox 763 2283 933 2336; x_wconf 83' lang='lat' dir='ltr'>dechitern.</span> <span class='ocrx_word' id='word_1_191' title='bbox 951 2285 977 2335; x_wconf 91' lang='lat' dir='ltr'>S.</span> <span class='ocrx_word' id='word_1_192' title='bbox 992 2284 1106 2349; x_wconf 83' lang='grc'><strong>1.48,4;</strong></span> 
     </span>
    </p>

    <p class='ocr_par' dir='ltr' id='par_1_6' title="bbox 116 2345 1264 2553">
     <span class='ocr_line' id='line_1_22' title="bbox 142 2345 1264 2418; baseline 0 -19"><span class='ocrx_word' id='word_1_193' title='bbox 142 2403 146 2418; x_wconf 61' lang='grc'><strong>,</strong></span> <span class='ocrx_word' id='word_1_194' title='bbox 209 2345 247 2400; x_wconf 85' lang='lat' dir='ltr'>sie</span> <span class='ocrx_word' id='word_1_195' title='bbox 256 2348 360 2401; x_wconf 73' lang='lat' dir='ltr'>stiirzen</span> <span class='ocrx_word' id='word_1_196' title='bbox 370 2351 430 2413; x_wconf 84' lang='lat' dir='ltr'>sich,</span> <span class='ocrx_word' id='word_1_197' title='bbox 440 2352 547 2402; x_wconf 87' lang='lat' dir='ltr'>lliichtcn</span> <span class='ocrx_word' id='word_1_198' title='bbox 557 2353 610 2402; x_wconf 88' lang='lat' dir='ltr'>sich</span> <span class='ocrx_word' id='word_1_199' title='bbox 619 2368 651 2402; x_wconf 91' lang='lat' dir='ltr'>zu</span> <span class='ocrx_word' id='word_1_200' title='bbox 661 2354 708 2402; x_wconf 91' lang='lat' dir='ltr'>den</span> <span class='ocrx_word' id='word_1_201' title='bbox 797 2352 820 2402; x_wconf 84' lang='grc'>6.</span> <span class='ocrx_word' id='word_1_202' title='bbox 846 2353 929 2403; x_wconf 87' lang='lat' dir='ltr'>llurch</span> <span class='ocrx_word' id='word_1_203' title='bbox 950 2355 1027 2402; x_wconf 68' lang='lat' dir='ltr'>eleum</span> <span class='ocrx_word' id='word_1_204' title='bbox 1046 2367 1113 2402; x_wconf 84' lang='lat' dir='ltr'>nunc</span> <span class='ocrx_word' id='word_1_205' title='bbox 1132 2351 1198 2401; x_wconf 85' lang='lat' dir='ltr'>liisst</span> <span class='ocrx_word' id='word_1_206' title='bbox 1217 2350 1264 2400; x_wconf 87' lang='lat' dir='ltr'>der</span> 
     </span>
     <span class='ocr_line' id='line_1_23' title="bbox 116 2417 1263 2486; baseline 0.001 -19"><span class='ocrx_word' id='word_1_207' title='bbox 116 2446 119 2454; x_wconf 56' lang='grc' dir='ltr'><em>ι</em></span> <span class='ocrx_word' id='word_1_208' title='bbox 208 2417 376 2468; x_wconf 81' lang='lat' dir='ltr'>Fcldzeiclren</span> <span class='ocrx_word' id='word_1_209' title='bbox 390 2421 439 2468; x_wconf 90' lang='lat' dir='ltr'>und</span> <span class='ocrx_word' id='word_1_210' title='bbox 452 2421 500 2469; x_wconf 92' lang='lat' dir='ltr'>den</span> <span class='ocrx_word' id='word_1_211' title='bbox 516 2421 556 2470; x_wconf 86' lang='lat' dir='ltr'>bei</span> <span class='ocrx_word' id='word_1_212' title='bbox 567 2421 641 2470; x_wconf 90' lang='lat' dir='ltr'>ihncn</span> <span class='ocrx_word' id='word_1_213' title='bbox 652 2420 708 2470; x_wconf 84' lang='lat' dir='ltr'>uul-</span> <span class='ocrx_word' id='word_1_214' title='bbox 763 2420 922 2486; x_wconf 88' lang='lat' dir='ltr'>Sprcchende</span> <span class='ocrx_word' id='word_1_215' title='bbox 945 2421 1048 2482; x_wconf 91' lang='lat' dir='ltr'>anders,</span> <span class='ocrx_word' id='word_1_216' title='bbox 1077 2420 1115 2469; x_wconf 84' lang='lat' dir='ltr'>nis</span> <span class='ocrx_word' id='word_1_217' title='bbox 1144 2419 1263 2468; x_wconf 80' lang='lat' dir='ltr'>beidam</span> 
     </span>
     <span class='ocr_line' id='line_1_24' title="bbox 208 2485 1262 2553; baseline -0.001 -18"><span class='ocrx_word' id='word_1_218' title='bbox 208 2486 344 2548; x_wconf 77' lang='lat' dir='ltr'>gestellten</span> <span class='ocrx_word' id='word_1_219' title='bbox 357 2485 491 2553; x_wconf 80' lang='lat' dir='ltr'>Manipqln.</span> <span class='ocrx_word' id='word_1_220' title='bbox 763 2496 834 2538; x_wconf 84' lang='lat' dir='ltr'>sonst</span> <span class='ocrx_word' id='word_1_221' title='bbox 846 2489 1032 2552; x_wconf 81' lang='lat' dir='ltr'>gcwdhnlichen</span> <span class='ocrx_word' id='word_1_222' title='bbox 1049 2488 1099 2536; x_wconf 92' lang='lat' dir='ltr'>und</span> <span class='ocrx_word' id='word_1_223' title='bbox 1114 2485 1262 2536; x_wconf 86' lang='lat' dir='ltr'>erlorderli-</span> 
     </span>
    </p>

    <p class='ocr_par' dir='ltr' id='par_1_7' title="bbox 207 2553 1264 2891">
     <span class='ocr_line' id='line_1_25' title="bbox 243 2553 1263 2620; baseline -0.001 -17"><span class='ocrx_word' id='word_1_224' title='bbox 243 2553 266 2603; x_wconf 81' lang='lat'>2.</span> <span class='ocrx_word' id='word_1_225' title='bbox 285 2567 363 2605; x_wconf 70' lang='lat' dir='ltr'>maen</span> <span class='ocrx_word' id='word_1_226' title='bbox 376 2555 459 2620; x_wconf 82' lang='lat' dir='ltr'>facto.</span> <span class='ocrx_word' id='word_1_227' title='bbox 483 2555 584 2607; x_wconf 77' lang='lat' dir='ltr'>Cunctas</span> <span class='ocrx_word' id='word_1_228' title='bbox 601 2557 636 2605; x_wconf 88' lang='lat' dir='ltr'>ist</span> <span class='ocrx_word' id='word_1_229' title='bbox 653 2557 708 2606; x_wconf 87' lang='lat' dir='ltr'>eine</span> <span class='ocrx_word' id='word_1_230' title='bbox 763 2557 824 2606; x_wconf 90' lang='lat' dir='ltr'>chen</span> <span class='ocrx_word' id='word_1_231' title='bbox 836 2559 914 2606; x_wconf 82' lang='lat' dir='ltr'>etium</span> <span class='ocrx_word' id='word_1_232' title='bbox 925 2559 984 2606; x_wconf 82' lang='lat' dir='ltr'>tune</span> <span class='ocrx_word' id='word_1_233' title='bbox 997 2553 1096 2620; x_wconf 88' lang='lat' dir='ltr'>(Zumpt</span> <span class='ocrx_word' id='word_1_234' title='bbox 1109 2554 1123 2618; x_wconf 63' lang='grc' dir='ltr'><strong>ξ</strong></span> <span class='ocrx_word' id='word_1_235' title='bbox 1136 2553 1204 2617; x_wconf 82' lang='grc'><strong>285),</strong></span> <span class='ocrx_word' id='word_1_236' title='bbox 1218 2554 1263 2603; x_wconf 87' lang='lat' dir='ltr'>dos</span> 
     </span>
     <span class='ocr_line' id='line_1_26' title="bbox 209 2620 1264 2688; baseline 0 -18"><span class='ocrx_word' id='word_1_237' title='bbox 209 2620 401 2686; x_wconf 80' lang='lat' dir='ltr'>Schlaclrtrcihe,</span> <span class='ocrx_word' id='word_1_238' title='bbox 415 2624 455 2673; x_wconf 90' lang='lat' dir='ltr'>die</span> <span class='ocrx_word' id='word_1_239' title='bbox 467 2631 542 2674; x_wconf 89' lang='lat' dir='ltr'>untcr</span> <span class='ocrx_word' id='word_1_240' title='bbox 555 2623 707 2675; x_wconf 83' lang='lat' dir='ltr'>Umst&#39;ainden</span> <span class='ocrx_word' id='word_1_241' title='bbox 762 2620 1264 2688; x_wconf 76' lang='lat' dir='ltr'>Vergangenealsgegenwdrtigersclrci-</span> 
     </span>
     <span class='ocr_line' id='line_1_27' title="bbox 207 2689 1263 2755; baseline -0.001 -17"><span class='ocrx_word' id='word_1_242' title='bbox 207 2690 370 2740; x_wconf 81' lang='lat' dir='ltr'>verschieden</span> <span class='ocrx_word' id='word_1_243' title='bbox 394 2689 494 2742; x_wconf 82' lang='lat' dir='ltr'>lormirt</span> <span class='ocrx_word' id='word_1_244' title='bbox 522 2693 622 2753; x_wconf 80' lang='lat' dir='ltr'>wurde3</span> <span class='ocrx_word' id='word_1_245' title='bbox 652 2692 709 2742; x_wconf 86' lang='lat' dir='ltr'>hald</span> <span class='ocrx_word' id='word_1_246' title='bbox 763 2707 819 2755; x_wconf 83' lang='lat' dir='ltr'>nen,</span> <span class='ocrx_word' id='word_1_247' title='bbox 832 2707 904 2748; x_wconf 83' lang='lat' dir='ltr'>wenn</span> <span class='ocrx_word' id='word_1_248' title='bbox 914 2698 992 2741; x_wconf 85' lang='lat' dir='ltr'>etwas</span> <span class='ocrx_word' id='word_1_249' title='bbox 1003 2689 1150 2740; x_wconf 85' lang='lat' dir='ltr'>bezeichnet</span> <span class='ocrx_word' id='word_1_250' title='bbox 1160 2689 1263 2738; x_wconf 88' lang='lat' dir='ltr'>werden</span> 
     </span>
     <span class='ocr_line' id='line_1_28' title="bbox 208 2756 1263 2824; baseline -0.001 -18"><span class='ocrx_word' id='word_1_251' title='bbox 208 2756 264 2807; x_wconf 86' lang='lat' dir='ltr'>bles</span> <span class='ocrx_word' id='word_1_252' title='bbox 289 2758 327 2807; x_wconf 85' lang='lat' dir='ltr'>uls</span> <span class='ocrx_word' id='word_1_253' title='bbox 349 2759 487 2822; x_wconf 79' lang='lat' dir='ltr'>liingliches</span> <span class='ocrx_word' id='word_1_254' title='bbox 508 2759 631 2824; x_wconf 84' lang='lat' dir='ltr'>Viereck,</span> <span class='ocrx_word' id='word_1_255' title='bbox 652 2760 709 2809; x_wconf 89' lang='lat' dir='ltr'>bold</span> <span class='ocrx_word' id='word_1_256' title='bbox 762 2760 818 2822; x_wconf 90' lang='lat' dir='ltr'>soll,</span> <span class='ocrx_word' id='word_1_257' title='bbox 831 2774 884 2809; x_wconf 88' lang='lat' dir='ltr'>was</span> <span class='ocrx_word' id='word_1_258' title='bbox 896 2775 941 2808; x_wconf 83' lang='lat' dir='ltr'>aus</span> <span class='ocrx_word' id='word_1_259' title='bbox 953 2759 999 2807; x_wconf 89' lang='lat' dir='ltr'>der</span> <span class='ocrx_word' id='word_1_260' title='bbox 1010 2757 1129 2807; x_wconf 85' lang='lat' dir='ltr'>lriiheren</span> <span class='ocrx_word' id='word_1_261' title='bbox 1141 2756 1199 2806; x_wconf 87' lang='lat' dir='ltr'>Zeit</span> <span class='ocrx_word' id='word_1_262' title='bbox 1214 2773 1263 2806; x_wconf 87' lang='lat' dir='ltr'>un-</span> 
     </span>
     <span class='ocr_line' id='line_1_29' title="bbox 207 2823 1262 2891; baseline -0.001 -18"><span class='ocrx_word' id='word_1_263' title='bbox 207 2824 232 2873; x_wconf 92' lang='lat' dir='ltr'>in</span> <span class='ocrx_word' id='word_1_264' title='bbox 256 2825 369 2876; x_wconf 81' lang='lat' dir='ltr'>wirldich</span> <span class='ocrx_word' id='word_1_265' title='bbox 391 2826 572 2890; x_wconf 79' lang='lat' dir='ltr'>keilio&#39;rmigcr</span> <span class='ocrx_word' id='word_1_266' title='bbox 587 2827 709 2891; x_wconf 81' lang='lat' dir='ltr'>Stellung,</span> <span class='ocrx_word' id='word_1_267' title='bbox 761 2825 1096 2889; x_wconf 75' lang='lat' dir='ltr'>veriindcrtgehliebcn‘ist3</span> <span class='ocrx_word' id='word_1_268' title='bbox 1111 2823 1262 2886; x_wconf 56' lang='grc'><strong>1616.-</strong></span> 
     </span>
    </p>
   </div>
   <div class='ocr_carea' id='block_1_6' title="bbox 44 2891 1265 2962">
    <p class='ocr_par' dir='ltr' id='par_1_8' title="bbox 44 2891 1265 2962">
     <span class='ocr_line' id='line_1_30' title="bbox 44 2891 1265 2962; baseline 0.001 -22"><span class='ocrx_word' id='word_1_269' title='bbox 44 2907 47 2919; x_wconf 77' lang='grc'><strong>’</strong></span> <span class='ocrx_word' id='word_1_270' title='bbox 125 2905 127 2911; x_wconf 83' lang='grc'><strong>’</strong></span> <span class='ocrx_word' id='word_1_271' title='bbox 207 2891 414 2955; x_wconf 80' lang='lat' dir='ltr'>wiewchlhier3</span> <span class='ocrx_word' id='word_1_272' title='bbox 432 2895 469 2944; x_wconf 88' lang='lat' dir='ltr'>sic</span> <span class='ocrx_word' id='word_1_273' title='bbox 486 2895 572 2944; x_wconf 88' lang='lat' dir='ltr'>wurdc</span> <span class='ocrx_word' id='word_1_274' title='bbox 589 2896 708 2958; x_wconf 83' lang='lat' dir='ltr'>gewdbn-</span> <span class='ocrx_word' id='word_1_275' title='bbox 761 2911 812 2944; x_wconf 78' lang='lat' dir='ltr'>usu</span> <span class='ocrx_word' id='word_1_276' title='bbox 830 2898 958 2962; x_wconf 83' lang='lat' dir='ltr'>percepto.</span> <span class='ocrx_word' id='word_1_277' title='bbox 979 2894 1006 2942; x_wconf 87' lang='lat' dir='ltr'>B.</span> <span class='ocrx_word' id='word_1_278' title='bbox 1025 2892 1051 2942; x_wconf 87' lang='lat' dir='ltr'>C.</span> <span class='ocrx_word' id='word_1_279' title='bbox 1070 2891 1093 2942; x_wconf 89' lang='lat'>3.</span> <span class='ocrx_word' id='word_1_280' title='bbox 1112 2891 1152 2955; x_wconf 86' lang='grc'>84,</span> <span class='ocrx_word' id='word_1_281' title='bbox 1170 2891 1197 2941; x_wconf 88' lang='lat'>3:</span> <span class='ocrx_word' id='word_1_282' title='bbox 1219 2895 1265 2958; x_wconf 79' lang='lat' dir='ltr'>qui</span> 
     </span>
    </p>
   </div>
   <div class='ocr_carea' id='block_1_7' title="bbox 110 2958 1263 3366">
    <p class='ocr_par' dir='ltr' id='par_1_9' title="bbox 110 2958 1263 3366">
     <span class='ocr_line' id='line_1_31' title="bbox 208 2958 1263 3024; baseline 0.003 -17"><span class='ocrx_word' id='word_1_283' title='bbox 208 2958 256 3008; x_wconf 87' lang='lat' dir='ltr'>lioh</span> <span class='ocrx_word' id='word_1_284' title='bbox 277 2959 398 3024; x_wconf 85' lang='lat' dir='ltr'>gehildet,</span> <span class='ocrx_word' id='word_1_285' title='bbox 423 2975 496 3010; x_wconf 86' lang='lat' dir='ltr'>wenn</span> <span class='ocrx_word' id='word_1_286' title='bbox 517 2961 708 3012; x_wconf 83' lang='lat' dir='ltr'>dic&#39;scindliche</span> <span class='ocrx_word' id='word_1_287' title='bbox 762 2961 889 3012; x_wconf 81' lang='lat' dir='ltr'>cotidiana</span> <span class='ocrx_word' id='word_1_288' title='bbox 910 2961 1092 3012; x_wconf 78' lang='lat' dir='ltr'>consuetudine</span> <span class='ocrx_word' id='word_1_289' title='bbox 1106 2975 1184 3010; x_wconf 80' lang='lat' dir='ltr'>usum</span> <span class='ocrx_word' id='word_1_290' title='bbox 1199 2975 1263 3024; x_wconf 84' lang='lat' dir='ltr'>quo-</span> 
     </span>
     <span class='ocr_line' id='line_1_32' title="bbox 208 3025 1263 3096; baseline 0.003 -22"><span class='ocrx_word' id='word_1_291' title='bbox 208 3025 393 3076; x_wconf 83' lang='lat' dir='ltr'>Schlachtreilre</span> <span class='ocrx_word' id='word_1_292' title='bbox 407 3028 593 3079; x_wconf 81' lang='lat' dir='ltr'>durchbroclrcn</span> <span class='ocrx_word' id='word_1_293' title='bbox 606 3030 709 3078; x_wconf 86' lang='lat' dir='ltr'>werden</span> <span class='ocrx_word' id='word_1_294' title='bbox 761 3045 809 3095; x_wconf 76' lang='lat' dir='ltr'>qaae</span> <span class='ocrx_word' id='word_1_295' title='bbox 821 3032 875 3078; x_wconf 71' lang='lat' dir='ltr'>eim</span> <span class='ocrx_word' id='word_1_296' title='bbox 889 3032 993 3094; x_wconf 66' lang='lat' dir='ltr'>generis</span> <span class='ocrx_word' id='word_1_297' title='bbox 1007 3028 1164 3096; x_wconf 76' lang='lat' dir='ltr'>proeliorum</span> <span class='ocrx_word' id='word_1_298' title='bbox 1179 3031 1263 3096; x_wconf 79' lang='lat' dir='ltr'>perci-</span> 
     </span>
     <span class='ocr_line' id='line_1_33' title="bbox 209 3092 1263 3162; baseline 0.003 -21"><span class='ocrx_word' id='word_1_299' title='bbox 209 3092 293 3143; x_wconf 88' lang='lat' dir='ltr'>sollte.</span> <span class='ocrx_word' id='word_1_300' title='bbox 314 3094 340 3143; x_wconf 89' lang='lat' dir='ltr'>B.</span> <span class='ocrx_word' id='word_1_301' title='bbox 359 3093 385 3143; x_wconf 87' lang='lat' dir='ltr'>C.</span> <span class='ocrx_word' id='word_1_302' title='bbox 402 3092 527 3158; x_wconf 76' lang='lat' dir='ltr'>iiriegsw.</span> <span class='ocrx_word' id='word_1_303' title='bbox 544 3095 561 3162; x_wconf 60' lang='grc' dir='ltr'>ᾖ</span> <span class='ocrx_word' id='word_1_304' title='bbox 580 3097 618 3146; x_wconf 89' lang='grc'>15.</span> <span class='ocrx_word' id='word_1_305' title='bbox 633 3096 657 3145; x_wconf 88' lang='grc'>4.</span> <span class='ocrx_word' id='word_1_306' title='bbox 674 3125 708 3132; x_wconf 95' lang='grc'>-</span> <span class='ocrx_word' id='word_1_307' title='bbox 771 3101 857 3150; x_wconf 77' lang='lat' dir='ltr'>erent.</span> <span class='ocrx_word' id='word_1_308' title='bbox 869 3123 904 3132; x_wconf 90' lang='lat'>—-</span> <span class='ocrx_word' id='word_1_309' title='bbox 915 3095 967 3145; x_wconf 89' lang='lat' dir='ltr'>Der</span> <span class='ocrx_word' id='word_1_310' title='bbox 979 3095 1078 3160; x_wconf 88' lang='lat' dir='ltr'>Gruod,</span> <span class='ocrx_word' id='word_1_311' title='bbox 1092 3098 1137 3145; x_wconf 89' lang='lat' dir='ltr'>der</span> <span class='ocrx_word' id='word_1_312' title='bbox 1148 3111 1181 3144; x_wconf 85' lang='lat' dir='ltr'>zu</span> <span class='ocrx_word' id='word_1_313' title='bbox 1192 3095 1263 3144; x_wconf 87' lang='lat' dir='ltr'>ihrer</span> 
     </span>
     <span class='ocr_line' id='line_1_34' title="bbox 110 3114 1262 3228; baseline 0.003 -19"><span class='ocrx_word' id='word_1_314' title='bbox 110 3203 111 3210; x_wconf 72' lang='grc'><strong>,</strong></span> <span class='ocrx_word' id='word_1_315' title='bbox 208 3165 360 3211; x_wconf 75' lang='lat' dir='ltr'>conserenti:</span> <span class='ocrx_word' id='word_1_316' title='bbox 373 3163 442 3211; x_wconf 89' lang='lat' dir='ltr'>scine</span> <span class='ocrx_word' id='word_1_317' title='bbox 453 3161 573 3227; x_wconf 80' lang='lat' dir='ltr'>Meinung</span> <span class='ocrx_word' id='word_1_318' title='bbox 581 3164 652 3214; x_wconf 85' lang='lat' dir='ltr'>dahin</span> <span class='ocrx_word' id='word_1_319' title='bbox 662 3165 707 3214; x_wconf 84' lang='lat' dir='ltr'>ab-</span> <span class='ocrx_word' id='word_1_320' title='bbox 758 3114 975 3228; x_wconf 68' lang='lat' dir='ltr'>ilntschuldigung</span> <span class='ocrx_word' id='word_1_321' title='bbox 998 3163 1087 3213; x_wconf 88' lang='lat' dir='ltr'>dienen</span> <span class='ocrx_word' id='word_1_322' title='bbox 1115 3162 1178 3226; x_wconf 86' lang='lat' dir='ltr'>soll,</span> <span class='ocrx_word' id='word_1_323' title='bbox 1207 3177 1262 3212; x_wconf 88' lang='lat' dir='ltr'>wnr</span> 
     </span>
     <span class='ocr_line' id='line_1_35' title="bbox 208 3227 1262 3296; baseline 0.004 -20"><span class='ocrx_word' id='word_1_324' title='bbox 208 3227 296 3290; x_wconf 79' lang='lat' dir='ltr'>geben,</span> <span class='ocrx_word' id='word_1_325' title='bbox 309 3227 381 3278; x_wconf 76' lang='lat' dir='ltr'>carm</span> <span class='ocrx_word' id='word_1_326' title='bbox 394 3231 515 3293; x_wconf 87' lang='lat' dir='ltr'>stimmen,</span> <span class='ocrx_word' id='word_1_327' title='bbox 529 3232 587 3281; x_wconf 85' lang='lat' dir='ltr'>dass</span> <span class='ocrx_word' id='word_1_328' title='bbox 599 3260 645 3296; x_wconf 89' lang='lat'>—,</span> <span class='ocrx_word' id='word_1_329' title='bbox 658 3233 707 3282; x_wconf 84' lang='lat' dir='ltr'>wie</span> <span class='ocrx_word' id='word_1_330' title='bbox 762 3233 837 3282; x_wconf 87' lang='lat' dir='ltr'>sehon</span> <span class='ocrx_word' id='word_1_331' title='bbox 850 3230 891 3295; x_wconf 81' lang='lat'>39,</span> <span class='ocrx_word' id='word_1_332' title='bbox 904 3229 919 3280; x_wconf 80' lang='lat'><strong>2</strong></span> <span class='ocrx_word' id='word_1_333' title='bbox 931 3232 1083 3294; x_wconf 77' lang='lat' dir='ltr'>angegelten.</span> <span class='ocrx_word' id='word_1_334' title='bbox 1095 3259 1129 3266; x_wconf 95' lang='lat'><strong>—</strong></span> <span class='ocrx_word' id='word_1_335' title='bbox 1140 3235 1171 3280; x_wconf 81' lang='lat' dir='ltr'>ut</span> <span class='ocrx_word' id='word_1_336' title='bbox 1181 3247 1210 3280; x_wconf 81' lang='lat' dir='ltr'>sc</span> <span class='ocrx_word' id='word_1_337' title='bbox 1219 3230 1262 3280; x_wconf 79' lang='lat' dir='ltr'>dc-</span> 
     </span>
     <span class='ocr_line' id='line_1_36' title="bbox 206 3295 1261 3366; baseline 0.002 -22"><span class='ocrx_word' id='word_1_338' title='bbox 206 3295 562 3364; x_wconf 56' lang='lat' dir='ltr'>praeclarissime.</span> <span class='ocrx_word' id='word_1_339' title='bbox 582 3298 661 3362; x_wconf 72' lang='lat' dir='ltr'>Lol,</span> <span class='ocrx_word' id='word_1_340' title='bbox 681 3300 706 3350; x_wconf 90' lang='lat' dir='ltr'>l:</span> <span class='ocrx_word' id='word_1_341' title='bbox 753 3298 906 3366; x_wconf 69' lang='lat' dir='ltr'>secederent,</span> <span class='ocrx_word' id='word_1_342' title='bbox 945 3299 985 3348; x_wconf 89' lang='lat' dir='ltr'>die</span> <span class='ocrx_word' id='word_1_343' title='bbox 1024 3298 1061 3348; x_wconf 90' lang='lat' dir='ltr'>olt</span> <span class='ocrx_word' id='word_1_344' title='bbox 1095 3299 1261 3361; x_wconf 83' lang='lat' dir='ltr'>dagewesene</span> 
     </span>
    </p>
   </div>
   <div class='ocr_carea' id='block_1_8' title="bbox 208 3361 1296 3434">
    <p class='ocr_par' dir='ltr' id='par_1_10' title="bbox 208 3361 1296 3434">
     <span class='ocr_line' id='line_1_37' title="bbox 208 3361 1296 3434; baseline 0.004 -22"><span class='ocrx_word' id='word_1_345' title='bbox 208 3361 353 3430; x_wconf 72' lang='lat' dir='ltr'>censebant,</span> <span class='ocrx_word' id='word_1_346' title='bbox 375 3370 405 3416; x_wconf 85' lang='lat' dir='ltr'>ut</span> <span class='ocrx_word' id='word_1_347' title='bbox 423 3370 501 3417; x_wconf 81' lang='lat' dir='ltr'>noctu</span> <span class='ocrx_word' id='word_1_348' title='bbox 516 3370 567 3418; x_wconf 85' lang='lat' dir='ltr'>iter</span> <span class='ocrx_word' id='word_1_349' title='bbox 574 3369 706 3433; x_wconf 76' lang='lat' dir='ltr'>facerent.</span> <span class='ocrx_word' id='word_1_350' title='bbox 760 3367 908 3434; x_wconf 78' lang='lat' dir='ltr'>Epexcgese</span> <span class='ocrx_word' id='word_1_351' title='bbox 926 3367 958 3432; x_wconf 87' lang='lat'>(1,</span> <span class='ocrx_word' id='word_1_352' title='bbox 971 3368 995 3430; x_wconf 86' lang='lat'>5,</span> <span class='ocrx_word' id='word_1_353' title='bbox 1010 3366 1042 3431; x_wconf 82' lang='lat'>1).</span> <span class='ocrx_word' id='word_1_354' title='bbox 1058 3393 1093 3404; x_wconf 90' lang='lat'><em>-</em></span> <span class='ocrx_word' id='word_1_355' title='bbox 1107 3370 1159 3416; x_wconf 82' lang='lat' dir='ltr'>rim</span> <span class='ocrx_word' id='word_1_356' title='bbox 1174 3365 1262 3416; x_wconf 80' lang='lat' dir='ltr'>celeri·</span> <span class='ocrx_word' id='word_1_357' title='bbox 1294 3389 1296 3396; x_wconf 95' lang='lat'>·</span> 
     </span>
    </p>
   </div>
   <div class='ocr_carea' id='block_1_9' title="bbox 183 3431 1262 4040">
    <p class='ocr_par' dir='ltr' id='par_1_11' title="bbox 206 3431 1262 3771">
     <span class='ocr_line' id='line_1_38' title="bbox 208 3431 1261 3501; baseline 0.002 -21"><span class='ocrx_word' id='word_1_358' title='bbox 208 3431 242 3480; x_wconf 90' lang='lat' dir='ltr'>So</span> <span class='ocrx_word' id='word_1_359' title='bbox 265 3432 290 3481; x_wconf 91' lang='lat' dir='ltr'>in</span> <span class='ocrx_word' id='word_1_360' title='bbox 316 3434 373 3482; x_wconf 86' lang='lat' dir='ltr'>dem</span> <span class='ocrx_word' id='word_1_361' title='bbox 397 3433 537 3486; x_wconf 84' lang='lat' dir='ltr'>bekannten</span> <span class='ocrx_word' id='word_1_362' title='bbox 561 3435 706 3486; x_wconf 86' lang='lat' dir='ltr'>Gebrauche</span> <span class='ocrx_word' id='word_1_363' title='bbox 761 3439 887 3501; x_wconf 80' lang='lat' dir='ltr'>tuternque</span> <span class='ocrx_word' id='word_1_364' title='bbox 906 3450 951 3486; x_wconf 86' lang='lat' dir='ltr'>aus</span> <span class='ocrx_word' id='word_1_365' title='bbox 972 3435 1026 3484; x_wconf 90' lang='lat' dir='ltr'>dem</span> <span class='ocrx_word' id='word_1_366' title='bbox 1048 3433 1261 3484; x_wconf 69' lang='lat' dir='ltr'>demonstrativam</span> 
     </span>
     <span class='ocr_line' id='line_1_39' title="bbox 206 3500 1261 3568; baseline 0.002 -20"><span class='ocrx_word' id='word_1_367' title='bbox 206 3514 256 3549; x_wconf 88' lang='lat' dir='ltr'>von</span> <span class='ocrx_word' id='word_1_368' title='bbox 273 3500 318 3550; x_wconf 88' lang='lat' dir='ltr'>der</span> <span class='ocrx_word' id='word_1_369' title='bbox 333 3500 582 3568; x_wconf 81' lang='lat' dir='ltr'>Willenserkliirung</span> <span class='ocrx_word' id='word_1_370' title='bbox 599 3505 643 3553; x_wconf 86' lang='lat' dir='ltr'>des</span> <span class='ocrx_word' id='word_1_371' title='bbox 660 3503 707 3553; x_wconf 90' lang='lat' dir='ltr'>Se·</span> <span class='ocrx_word' id='word_1_372' title='bbox 760 3504 786 3552; x_wconf 88' lang='lat' dir='ltr'>iu</span> <span class='ocrx_word' id='word_1_373' title='bbox 809 3504 857 3552; x_wconf 85' lang='lat' dir='ltr'>den</span> <span class='ocrx_word' id='word_1_374' title='bbox 879 3503 1002 3552; x_wconf 79' lang='lat' dir='ltr'>relatirrcn</span> <span class='ocrx_word' id='word_1_375' title='bbox 1022 3502 1083 3552; x_wconf 85' lang='lat' dir='ltr'>Sntz</span> <span class='ocrx_word' id='word_1_376' title='bbox 1106 3516 1261 3566; x_wconf 75' lang='lat' dir='ltr'>genommcn.</span> 
     </span>
     <span class='ocr_line' id='line_1_40' title="bbox 207 3567 1262 3638; baseline 0.002 -22"><span class='ocrx_word' id='word_1_377' title='bbox 207 3574 272 3632; x_wconf 83' lang='lat' dir='ltr'>nats,</span> <span class='ocrx_word' id='word_1_378' title='bbox 284 3569 333 3618; x_wconf 85' lang='lat' dir='ltr'>wic</span> <span class='ocrx_word' id='word_1_379' title='bbox 347 3567 369 3631; x_wconf 93' lang='lat' dir='ltr'>l,</span> <span class='ocrx_word' id='word_1_380' title='bbox 383 3568 423 3632; x_wconf 89' lang='grc'>35,</span> <span class='ocrx_word' id='word_1_381' title='bbox 436 3569 461 3620; x_wconf 94' lang='grc'>4.</span> <span class='ocrx_word' id='word_1_382' title='bbox 478 3570 504 3621; x_wconf 86' lang='lat' dir='ltr'>S.</span> <span class='ocrx_word' id='word_1_383' title='bbox 522 3586 555 3620; x_wconf 84' lang='lat' dir='ltr'>zu</span> <span class='ocrx_word' id='word_1_384' title='bbox 566 3571 593 3620; x_wconf 88' lang='grc' dir='ltr'>Β.</span> <span class='ocrx_word' id='word_1_385' title='bbox 605 3570 632 3620; x_wconf 88' lang='lat' dir='ltr'>C.</span> <span class='ocrx_word' id='word_1_386' title='bbox 648 3572 669 3620; x_wconf 92' lang='grc'>1.</span> <span class='ocrx_word' id='word_1_387' title='bbox 683 3571 707 3635; x_wconf 82' lang='lat'>2,</span> <span class='ocrx_word' id='word_1_388' title='bbox 762 3568 1028 3634; x_wconf 82' lang='lat' dir='ltr'>llor.Sot.1.1il,16:</span> <span class='ocrx_word' id='word_1_389' title='bbox 1042 3568 1086 3635; x_wconf 79' lang='lat' dir='ltr'>Illi,</span> <span class='ocrx_word' id='word_1_390' title='bbox 1100 3571 1262 3638; x_wconf 65' lang='lat' dir='ltr'>comptaque·</span> 
     </span>
     <span class='ocr_line' id='line_1_41' title="bbox 208 3635 1261 3704; baseline 0.002 -20"><span class='ocrx_word' id='word_1_391' title='bbox 208 3635 232 3684; x_wconf 89' lang='grc'>3.</span> <span class='ocrx_word' id='word_1_392' title='bbox 252 3661 287 3673; x_wconf 81' lang='lat'>--</span> <span class='ocrx_word' id='word_1_393' title='bbox 306 3640 335 3686; x_wconf 85' lang='lat' dir='ltr'>at</span> <span class='ocrx_word' id='word_1_394' title='bbox 353 3637 478 3702; x_wconf 80' lang='lat' dir='ltr'>reliquos.-</span> <span class='ocrx_word' id='word_1_395' title='bbox 497 3653 570 3688; x_wconf 87' lang='lat' dir='ltr'>wcnn</span> <span class='ocrx_word' id='word_1_396' title='bbox 591 3640 653 3688; x_wconf 86' lang='lat' dir='ltr'>auch</span> <span class='ocrx_word' id='word_1_397' title='bbox 673 3668 708 3677; x_wconf 86' lang='lat'><em>-</em></span> <span class='ocrx_word' id='word_1_398' title='bbox 762 3641 809 3689; x_wconf 78' lang='lat' dir='ltr'>bus</span> <span class='ocrx_word' id='word_1_399' title='bbox 822 3638 951 3688; x_wconf 81' lang='lat' dir='ltr'>comoedia</span> <span class='ocrx_word' id='word_1_400' title='bbox 964 3639 1052 3704; x_wconf 60' lang='lat' dir='ltr'>prisca</span> <span class='ocrx_word' id='word_1_401' title='bbox 1066 3640 1128 3688; x_wconf 65' lang='lat' dir='ltr'>atris</span> <span class='ocrx_word' id='word_1_402' title='bbox 1141 3641 1190 3701; x_wconf 82' lang='lat' dir='ltr'>est,</span> <span class='ocrx_word' id='word_1_403' title='bbox 1207 3637 1261 3687; x_wconf 89' lang='lat' dir='ltr'>Hoc</span> 
     </span>
     <span class='ocr_line' id='line_1_42' title="bbox 208 3702 1262 3771; baseline 0.001 -19"><span class='ocrx_word' id='word_1_404' title='bbox 208 3703 270 3753; x_wconf 88' lang='lat' dir='ltr'>doch</span> <span class='ocrx_word' id='word_1_405' title='bbox 282 3705 445 3768; x_wconf 81' lang='lat' dir='ltr'>wenigstens.</span> <span class='ocrx_word' id='word_1_406' title='bbox 460 3704 481 3754; x_wconf 89' lang='lat' dir='ltr'>l.</span> <span class='ocrx_word' id='word_1_407' title='bbox 493 3704 535 3770; x_wconf 90' lang='grc'>43,</span> <span class='ocrx_word' id='word_1_408' title='bbox 549 3705 572 3754; x_wconf 86' lang='grc'>9.</span> <span class='ocrx_word' id='word_1_409' title='bbox 761 3708 871 3756; x_wconf 66' lang='lat' dir='ltr'>stabam.</span> <span class='ocrx_word' id='word_1_410' title='bbox 884 3705 978 3755; x_wconf 83' lang='lat' dir='ltr'>llbeud.</span> <span class='ocrx_word' id='word_1_411' title='bbox 990 3702 1078 3768; x_wconf 84' lang='lat'>1.4,2.·</span> <span class='ocrx_word' id='word_1_412' title='bbox 1089 3704 1137 3771; x_wconf 72' lang='grc'><strong>((151,</strong></span> <span class='ocrx_word' id='word_1_413' title='bbox 1151 3717 1262 3770; x_wconf 81' lang='lat' dir='ltr'>quorum</span> 
     </span>
    </p>

    <p class='ocr_par' dir='ltr' id='par_1_12' title="bbox 183 3770 1261 4040">
     <span class='ocr_line' id='line_1_43' title="bbox 183 3770 1261 3841; baseline 0.001 -21"><span class='ocrx_word' id='word_1_414' title='bbox 183 3819 185 3824; x_wconf 79' lang='grc'><strong>,</strong></span> <span class='ocrx_word' id='word_1_415' title='bbox 241 3770 266 3820; x_wconf 94' lang='grc'>4.</span> <span class='ocrx_word' id='word_1_416' title='bbox 292 3774 359 3822; x_wconf 81' lang='lat' dir='ltr'>inter</span> <span class='ocrx_word' id='word_1_417' title='bbox 379 3789 407 3822; x_wconf 77' lang='lat' dir='ltr'>sc</span> <span class='ocrx_word' id='word_1_418' title='bbox 427 3773 565 3828; x_wconf 71' lang='lat' dir='ltr'>cohortati:</span> <span class='ocrx_word' id='word_1_419' title='bbox 585 3772 610 3822; x_wconf 91' lang='grc'>4.</span> <span class='ocrx_word' id='word_1_420' title='bbox 623 3772 668 3837; x_wconf 81' lang='grc'>25,</span> <span class='ocrx_word' id='word_1_421' title='bbox 682 3774 706 3824; x_wconf 91' lang='grc'>5.</span> <span class='ocrx_word' id='word_1_422' title='bbox 761 3773 890 3825; x_wconf 81' lang='lat' dir='ltr'>comoedia</span> <span class='ocrx_word' id='word_1_423' title='bbox 898 3774 1111 3841; x_wconf 73' lang='lat' dir='ltr'>priscaniwmm</span> <span class='ocrx_word' id='word_1_424' title='bbox 1128 3777 1261 3823; x_wconf 55' lang='grc' dir='ltr'>θεὴ-3ο</span> 
     </span>
     <span class='ocr_line' id='line_1_44' title="bbox 207 3838 1258 3910; baseline 0 -22"><span class='ocrx_word' id='word_1_425' title='bbox 207 3838 525 3890; x_wconf 69' lang='grc' dir='ltr'>-αάυηατηοτηηοεε4,</span> <span class='ocrx_word' id='word_1_426' title='bbox 540 3840 579 3904; x_wconf 87' lang='grc'><strong>15,</strong></span> <span class='ocrx_word' id='word_1_427' title='bbox 592 3840 616 3890; x_wconf 86' lang='grc'>3.</span> <span class='ocrx_word' id='word_1_428' title='bbox 760 3839 1188 3910; x_wconf 68' lang='lat' dir='ltr'>recipereconati-demisewnt.</span> <span class='ocrx_word' id='word_1_429' title='bbox 1214 3839 1258 3888; x_wconf 84' lang='lat' dir='ltr'>Bel</span> 
     </span>
     <span class='ocr_line' id='line_1_45' title="bbox 242 3905 1260 3973; baseline 0.001 -19"><span class='ocrx_word' id='word_1_430' title='bbox 242 3905 266 3954; x_wconf 86' lang='lat'>5.</span> <span class='ocrx_word' id='word_1_431' title='bbox 283 3907 393 3956; x_wconf 67' lang='lat' dir='ltr'>nostum</span> <span class='ocrx_word' id='word_1_432' title='bbox 413 3909 437 3956; x_wconf 90' lang='lat' dir='ltr'>d.</span> <span class='ocrx_word' id='word_1_433' title='bbox 459 3907 706 3958; x_wconf 84' lang='lat' dir='ltr'>i.·dchusssolda-</span> <span class='ocrx_word' id='word_1_434' title='bbox 758 3909 954 3960; x_wconf 79' lang='lat' dir='ltr'>versclaicdenen</span> <span class='ocrx_word' id='word_1_435' title='bbox 976 3907 1079 3973; x_wconf 88' lang='lat' dir='ltr'>Verbis,</span> <span class='ocrx_word' id='word_1_436' title='bbox 1106 3923 1155 3958; x_wconf 92' lang='lat' dir='ltr'>von</span> <span class='ocrx_word' id='word_1_437' title='bbox 1179 3908 1260 3958; x_wconf 87' lang='lat' dir='ltr'>denen</span> 
     </span>
     <span class='ocr_line' id='line_1_46' title="bbox 207 3973 1258 4040; baseline 0.002 -18"><span class='ocrx_word' id='word_1_438' title='bbox 207 3978 263 4034; x_wconf 85' lang='lat' dir='ltr'>ton,</span> <span class='ocrx_word' id='word_1_439' title='bbox 278 3973 327 4022; x_wconf 88' lang='lat' dir='ltr'>wic</span> <span class='ocrx_word' id='word_1_440' title='bbox 343 3975 407 4024; x_wconf 86' lang='lat' dir='ltr'>oben</span> <span class='ocrx_word' id='word_1_441' title='bbox 419 3974 487 4024; x_wconf 76' lang='lat' dir='ltr'>lister</span> <span class='ocrx_word' id='word_1_442' title='bbox 502 3976 534 4024; x_wconf 87' lang='lat' dir='ltr'>im</span> <span class='ocrx_word' id='word_1_443' title='bbox 548 3974 657 4040; x_wconf 83' lang='lat' dir='ltr'>Gegcns.</span> <span class='ocrx_word' id='word_1_444' title='bbox 673 3992 707 4025; x_wconf 86' lang='lat' dir='ltr'>zu</span> <span class='ocrx_word' id='word_1_445' title='bbox 756 3976 831 4040; x_wconf 82' lang='lat' dir='ltr'>jedes</span> <span class='ocrx_word' id='word_1_446' title='bbox 840 3993 869 4027; x_wconf 79' lang='lat' dir='ltr'>re</span> <span class='ocrx_word' id='word_1_447' title='bbox 877 3975 915 4026; x_wconf 82' lang='lat' dir='ltr'>uls</span> <span class='ocrx_word' id='word_1_448' title='bbox 922 3975 1010 4026; x_wconf 85' lang='lat' dir='ltr'>Obiect</span> <span class='ocrx_word' id='word_1_449' title='bbox 1017 3973 1124 4040; x_wconf 75' lang='lat' dir='ltr'>fordert,</span> <span class='ocrx_word' id='word_1_450' title='bbox 1133 3974 1258 4027; x_wconf 86' lang='lat' dir='ltr'>dasPron.</span> 
     </span>
    </p>
   </div>
   <div class='ocr_carea' id='block_1_10' title="bbox 0 0 1418 4480">
    <p class='ocr_par' dir='ltr' id='par_1_13' title="bbox 0 0 1418 4480">
     <span class='ocr_line' id='line_1_47' title="bbox 0 0 1418 4480; baseline 0 0"><span class='ocrx_word' id='word_1_451' title='bbox 0 0 1418 4480; x_wconf 95' lang='lat' dir='ltr'> </span> 
     </span>
    </p>
   </div>
  </div>
 </body>
</html>
