2816 4468
239 319 302 416 sic

241 480 375 552 spectm,
396 477 482 548 atquc
501 486 605 532 omnes
624 468 735 550 milites
750 467 853 528 intenti
872 485 987 548 pugnae
1006 478 1182 548 proventum
1200 489 1308 552 exspe-

204 563 220 613 3
242 549 362 618 ctabant
403 551 474 615 Galli
493 555 569 614 inter
589 551 699 635 equites
719 561 804 612 raros
824 553 988 631 sagittarios
1008 553 1217 634 expeditosque
1236 557 1306 618 levis

241 648 403 703 armaturae
417 639 631 710 interimerent,
652 637 701 717 qui
720 637 782 704 suis
800 635 966 699 cedentibus
982 639 1085 699 anxilio
1102 648 1306 702 succurrerent

241 727 270 786 et
284 733 457 786 nostrorum
473 723 602 802 equiturn
617 723 744 800 impetus
760 724 943 784 sustinerent.
967 721 1011 782 Ab
1025 724 1071 784 his
1088 725 1256 803 complures
1271 726 1307 787 de

204 807 221 857 4
241 810 402 890 improviso
422 807 561 870 vulnerati
581 807 693 889 proelio
709 806 891 867 excedebant.
926 808 999 868 Cum
1015 827 1086 869 suos
1101 827 1200 888 pugna
1216 829 1306 890 supe-

241 895 335 956 riores
355 913 420 955 esse
440 893 511 974 Galli
532 893 711 954 confiderent
730 898 759 952 et
777 900 897 952 nostros
916 892 1101 954 multitudine
1115 895 1211 972 premi
1226 895 1306 956 vide-
1394 965 1395 974 ¹

244 977 322 1052 rent',
337 999 371 1040 ex
386 978 522 1038 omnibus
537 977 668 1056 partibus
684 975 759 1050 etii,
776 975 827 1054 qui
843 977 1054 1039 munitionibus
1071 979 1306 1054 continebantur,
1394 985 1395 994 ’

245 1065 335 1136 ethi,
356 1063 405 1142 qui
425 1063 460 1123 ad
480 1061 617 1122 auxilium
637 1068 842 1134 convenerant,
865 1062 991 1122 clamore
1010 1069 1039 1122 et
1056 1063 1168 1123 ulutatu
1183 1082 1307 1124 suorum

206 1177 221 1226 5
245 1141 360 1211 animos
376 1146 595 1208 confirmabant.
623 1145 709 1220 Quod
724 1146 755 1205 iu
770 1156 929 1225 conspectu
945 1147 1077 1207 omnium
1092 1167 1139 1208 res
1155 1149 1308 1226 gerebatur

243 1253 338 1312 neque
357 1241 434 1292 recte
455 1251 489 1292 ac
507 1231 631 1309 turpiter
645 1231 753 1290 factum
770 1231 853 1292 celari
868 1239 995 1310 poterat,
1014 1240 1156 1311 utrosque
1171 1240 1200 1293 et
1214 1233 1306 1294 laudis

165 1333 168 1339 ·
207 1340 222 1390 5
244 1318 385 1398 cupiditas
402 1325 430 1376 et
443 1316 533 1376 timor
548 1315 725 1394 ignominiae
739 1315 775 1376 ad
789 1315 926 1377 virtutem
938 1317 1107 1376 excitabant.
1130 1313 1232 1378 Cuma
1244 1337 1307 1378 me-

601 313 646 363 DE
664 313 772 387 BELLO
792 311 933 398 Gannrco

242 1403 316 1463 ridie
330 1421 423 1482 prope
438 1402 474 1461 ad
490 1401 560 1462 solis
577 1419 714 1461 occasum
729 1400 816 1460 dubia
831 1401 951 1461 victoria
965 1408 1152 1478 pugnaretur,
1168 1401 1308 1463 Germani
1394 1417 1395 1440 ¹

242 1507 301 1549 una
316 1489 346 1547 in
361 1495 443 1567 parte
459 1486 596 1546 consertis
611 1485 716 1545 turmis
730 1485 761 1545 in
776 1486 878 1546 hostes
894 1486 1037 1563 impetum
1052 1487 1182 1546 fecerunt
1196 1506 1308 1567 eosque

171 1599 174 1604 ¹
207 1594 222 1643 7
243 1573 450 1652 propulerunt3
470 1571 574 1650 quibus
589 1571 619 1630 in
636 1571 733 1648 fugam
750 1570 887 1630 coniectis
904 1569 1042 1647 sagittarii
1058 1571 1247 1632 circumventi
1261 1573 1308 1632 in-

207 1677 222 1728 s
243 1658 410 1736 terfectiqne
425 1664 502 1717 sunt.
539 1657 611 1716 Item
627 1672 660 1714 ex
675 1654 791 1733 reliquis
807 1655 937 1732 partibus
953 1655 1047 1714 nostri
1063 1655 1199 1716 cedentes
1214 1675 1309 1735 usque

207 1763 223 1813 9
244 1743 281 1803 ad
301 1751 394 1804 castra
413 1741 535 1801 insecuti
556 1740 601 1800 sui
622 1739 773 1817 colligendi
788 1738 952 1812 facultatem
967 1740 1193 1800 condederunt.
1228 1739 1308 1814 Atii,

244 1828 293 1908 qui
308 1827 343 1887 ah
359 1825 453 1887 Alesia
468 1831 684 1905 processerant,
704 1824 808 1900 maesti
822 1843 916 1903 prope
930 1823 1049 1884 victoria
1064 1825 1216 1903 desperata
1231 1844 1263 1886 se
1277 1825 1309 1884 in

244 1913 387 1993 oppidum
402 1918 583 1990 receperunt.
1394 1985 1395 1992 ἵ

329 1989 383 2061 812
413 1995 476 2056 Uno
498 1995 544 2055 die
562 1993 730 2054 intermisso
747 1989 818 2054 Galli
835 2002 923 2072 atque
936 1995 994 2055 hoc
1008 1994 1102 2074 spatio
1118 2013 1226 2074 magno
1245 2015 1308 2057 cra-

245 2081 332 2154 tium,
352 2079 507 2153 scalarum,
523 2080 725 2158 harpagonum
744 2097 867 2138 numero
888 2081 988 2140 effecto
1009 2080 1103 2140 media
1117 2088 1204 2141 nocte
1218 2079 1309 2141 silen-
1394 2085 1395 2112 ³

208 2181 223 2230 n
245 2161 285 2224 tio
302 2183 336 2224 cx
352 2163 454 2223 castris
471 2162 580 2242 egressi
595 2163 631 2223 ad
647 2169 823 2241 campestres
839 2165 1016 2224 munitiones
1028 2165 1177 2225 accedunt.
1202 2165 1308 2226 Subito

247 2249 372 2309 clamore
388 2248 509 2322 sublato,
525 2265 581 2326 qua
597 2245 870 2327 signiticatione'qui
885 2249 915 2308 in
929 2249 1039 2328 oppido
1056 2245 1265 2310 obsidebantur
1273 2250 1310 2310 de

246 2353 301 2394 suo
317 2333 439 2394 adventu
455 2351 633 2412 cognoscere
647 2341 784 2410 possent,
800 2340 891 2394 crates
907 2334 1048 2412 proicere,
1064 2333 1171 2408 fundis
1186 2335 1309 2414 sagittis,

245 2417 390 2498 lapidibus
406 2426 526 2478 nostros
542 2414 577 2478 dc
592 2417 664 2477 vallo
680 2418 853 2496 proturbare
867 2419 1046 2498 reliquaque,
1067 2438 1139 2498 qnae
1158 2419 1194 2479 ad
1210 2437 1310 2498 oppu-

208 2521 224 2571 3
246 2504 413 2582 gnationem
428 2503 588 2581 pertinent,
609 2509 713 2580 parant
732 2503 940 2563 administrare.
973 2503 1086 2564 Eodem
1100 2512 1235 2582 ternpore
1250 2503 1310 2564 cla-

245 2607 329 2649 more
349 2588 482 2648 exarrdito
503 2589 551 2648 dat
569 2587 638 2647 tuba
657 2587 773 2666 signum
789 2589 849 2647 suis
865 2583 1082 2665 Vercingetorix
1101 2594 1186 2665 atque
1202 2607 1237 2648 ex
1253 2607 1310 2669 op-

209 2689 225 2738 4
245 2672 315 2753 pido
330 2671 434 2733 educit.
457 2671 569 2746 Nostri,
584 2679 616 2732 ut
631 2672 832 2750 superioribus
848 2668 963 2746 diebus,
984 2680 1016 2733 ut
1032 2673 1134 2750 cuique
1149 2682 1210 2733 erat
1224 2673 1309 2734 locus

279 2875 304 2924 4.
324 2875 478 2944 compleres,
489 2875 563 2925 ntiml.
578 2873 688 2940 eguitmn
701 2890 748 2923 no-

245 2950 363 2992 strorum.
373 2971 407 2979 -
418 2959 481 2994 suos
493 2945 640 3010 superiores
653 2957 709 3008 esce
720 2939 747 2992 G.

245 3009 415 3074 confiderent.-
427 3012 457 3060 do
471 3011 507 3059 sie
520 3010 646 3059 bestimmt
658 3009 747 3070 glaub-

244 3083 296 3139 ton,¹
309 3083 511 3139 voraussetzten,
524 3077 583 3126 dass
596 3076 635 3125 dic
647 3075 747 3138 lbrigen

245 3144 278 3193 im
290 3140 395 3210 Hampfe
408 3143 544 3206 iiberlcgen
557 3143 635 3192 scien.

279 3209 303 3259 6.
319 3207 443 3276 Gerrnarea',
455 3211 494 3261 dic
505 3207 748 3263 na‘mlicltenlteitcr-

245 3279 379 3342 schemen,
397 3279 437 3328 die
455 3280 531 3328 sehon
548 3294 569 3328 c.
583 3277 614 3327 67
629 3279 676 3328 den
689 3277 749 3342 Sleg

245 3347 415 3399 entschieden.

279 3413 303 3464 8.
333 3418 377 3465 sui
386 3412 531 3480 colligendi.-
549 3411 572 3463 3.
586 3413 610 3478 6,
626 3413 648 3463 Ῑ.
738 3410 740 3413 ’
761 3425 765 3434 ‘

279 3481 303 3531 9.
321 3487 352 3533 ab
364 3483 467 3534 Alesia:
479 3497 500 3532 c.
511 3480 552 3546 59,
566 3481 589 3532 1.
597 3511 631 3518 —
643 3484 751 3536 victoria

245 3551 290 3602 des
309 3556 394 3602 erate:
408 3549 431 3600 3.
445 3549 469 3615 3,
483 3549 508 3600 3.

303 3612 332 3670 l·
361 3619 383 3668 1.
412 3617 464 3671 Uno
486 3617 526 3668 dte
545 3610 663 3668 steteram:
686 3619 748 3668 nach

244 3685 354 3742 Verlaul
372 3686 441 3736 eines
459 3684 575 3750 cinzigen
597 3687 670 3736 oder:
692 3701 749 3735 nur

246 3757 332 3806 eines
349 3753 433 3817 Tages
455 3753 542 3816 (daher
561 3753 623 3802 auch
640 3753 750 3802 naebher
801 3753 944 3804 berdecken
969 3755 1015 3804 der

794 3823 1030 3888 sossemcratttus
1041 3823 1170 3886 ablegaret.

184 3877 185 3884 ,
244 3823 292 3874 boc
303 3825 387 3891 spatio
398 3837 494 3886 rnagm
506 3849 540 3858 -·-
551 3837 622 3870 num.
636 3823 680 3884 eff.
691 3819 714 3870 d.
725 3821 748 3870 h.

245 3890 270 3939 in
283 3889 478 3943 dieser-lumen
490 3888 572 3952 Zeit);
590 3888 655 3937 deun
668 3895 748 3951 scnst,

244 3972 318 4006 wenc
335 3958 404 4006 nicht
419 3957 464 4007 der
480 3955 577 4020 Begrilf
590 3957 637 4005 der
647 3953 750 4005 Einheit

802 2873 1308 2937 ausdriiclrlichbervcrzubebenist,l'eblt
1394 2877 1395 2926 i

802 2943 956 3006 gewtibnlicb
966 2957 1049 3002 unum
1061 2957 1082 2991 s.
1093 2958 1114 2991 c.
1125 2940 1166 3004 73,
1177 2941 1204 2991 9:
1216 2941 1308 3010 pedem

802 3010 902 3074 longae.
919 3038 953 3046 -
972 3007 1042 3060 Gaui.
1065 3010 1111 3059 Die
1128 3008 1245 3072 Stellung
1262 3010 1306 3059 des
1394 3013 1395 3016 ’

803 3077 1008 3126 Subiectswicc.
1019 3077 1307 3144 77,4.-lterpugorees
1394 3099 1395 3102 ¹

803 3145 859 3194 sind
879 3159 910 3193 an
931 3143 1042 3208 Stangen
1061 3143 1198 3208 belestigte
1219 3143 1307 3193 llalren
1394 3157 1395 3164 ¹

803 3227 859 3261 zum
870 3209 1063 3261 Nicderreissen
1076 3213 1122 3261 der
1134 3211 1239 3261 Maucrn
1258 3211 1307 3273 (bei

803 3277 984 3342 Saegel'cchten
995 3279 1154 3329 zumllntern
1165 3277 1307 3329 derScbillc

802 3347 830 3396 B.
843 3347 870 3396 C.
886 3347 907 3396 1.
921 3347 961 3410 57,
974 3347 1009 3411 2).
1025 3369 1061 3389 =
1076 3351 1235 3415 campestres
1250 3361 1308 3396 nm·

802 3418 926 3466 sitiones:
939 3415 978 3464 dic
991 3415 1015 3464 in
1029 3417 1074 3464 der
1084 3415 1147 3464 oben
1161 3411 1252 3478 acas
1262 3400 1307 3462 be·
1394 3449 1395 3460 .

803 3482 966 3533 schriebenen
979 3481 1065 3532 Ilbene
1077 3482 1228 3552 angelcgten
1241 3480 1307 3533 Ver-

803 3551 988 3613 schanzungcn.

837 3617 861 3667 2.
879 3618 910 3668 de
922 3635 970 3668 suo
981 3613 1092 3668 metente
1101 3631 1271 3683 cog-noscere:
1284 3615 1308 3667 1.

802 3685 843 3748 42,
859 3685 881 3735 1.
894 3713 929 3722 -—
945 3689 1169 3804 cratesgroicere:
1186 3701 1243 3735 zum
1254 3683 1306 3736 Ue·

1057 3753 1150 3814 r'dben3
1171 3767 1193 3803 c.
1211 3751 1258 3818 79,
1274 3751 1306 3801 4:

838 3889 862 3940 3.
881 3890 972 3940 educit.
984 3889 1113 3950 Richtigcr
1123 3889 1188 3938 wird
1197 3904 1244 3940 aus
1253 3889 1310 3939 suis

803 3958 847 4008 dus
858 3956 948 4008 Obiect
959 3969 1113 4020 getremmon,
1126 3957 1165 4005 als
1175 3956 1221 4008 das
1230 3956 1309 4009 Verb.
1394 4027 1395 4036 ἵ
