2798 4482
501 359 503 372 ¹
564 365 605 418 lll.
623 365 743 417 24-28.
1121 365 1180 428 143

128 519 196 598 quid
216 517 258 579 rei
277 522 436 597 gereretur,
462 518 600 596 cognosci
619 527 730 598 posset.
762 519 838 582 Tum
857 535 925 580 vero
947 517 1073 579 clamore
1090 517 1127 580 ab
1147 537 1182 579 ea
1201 530 1218 582 4

127 611 207 682 parte
223 603 325 663 audito·
337 604 431 664 nostri
445 605 654 682 redintegratis,
667 603 788 676 viribus,
803 604 883 682 quod
897 603 1069 682 plerumque
1082 603 1113 663 in
1128 622 1182 682 spa
1213 606 1224 622 ⁷

126 688 262 749 victoriae
277 687 406 749 accidere
417 689 574 762 consuevit,
590 689 685 749 aerius
695 688 868 767 impugnare
880 695 1046 766 coeperunt.
1073 686 1180 749 Hostes
1202 697 1217 747 5

125 773 254 851 undique
269 773 456 834 circumventi
472 773 630 852 desperatis
646 773 784 834 omnibus
796 773 884 834 rebus
897 791 928 832 sc
939 791 992 851 per
1003 773 1181 833 munitiones

124 857 237 918 deicere
249 862 279 918 et
293 859 360 935 luga
374 858 493 918 salutem
509 868 607 937 petere
621 858 817 919 intenderunt.
843 859 925 930 Quos
940 857 1083 935 equitatus
1095 875 1181 935 aper·
1202 861 1217 912 6

124 942 247 1004 tissimis
262 942 373 1020 campis
389 950 571 1004 consectatus
586 963 620 1004 ex
634 943 747 1004 milium
761 943 794 1002 L.
806 960 943 1014 numero,
957 960 1031 1021 quae
1045 961 1080 1002 ex
1090 941 1181 1021 Aqui·-

123 1027 201 1088 tania
215 1026 422 1106 Cantabrisque
437 1027 597 1101 constabat,
612 1027 659 1088 vix
674 1034 773 1106 quarta
788 1021 870 1106 parte
884 1026 982 1087 relicta
993 1027 1083 1088 multa
1094 1034 1182 1088 nocte

124 1131 156 1172 se
171 1110 203 1172 in
218 1119 311 1172 castra
325 1111 435 1190 recipit

187 1210 194 1219 “
208 1201 261 1263 27.
292 1197 353 1257 Hac
368 1196 465 1257 audita
479 1215 577 1275 pugna
591 1196 716 1258 maxima
730 1215 798 1276 pars
813 1195 983 1274 Aquitaniae
996 1215 1059 1256 sese
1074 1196 1180 1258 Crasso

123 1280 232 1341 dedidit
251 1279 424 1359 obsidesque
442 1282 518 1355 idtrp
539 1281 631 1355 misit3
653 1301 711 1360 quo
727 1282 758 1342 in
772 1299 896 1342 numero
916 1283 1033 1341 luerunt
1047 1280 1180 1354 Tarbelli,

122 1365 321 1444 Bigerriones,
341 1365 460 1438 Ptianii,
475 1367 611 1438 vocatas,
627 1367 794 1439 Tarusates,
813 1365 955 1438 Elusates,
971 1365 1069 1439 Getes,
1084 1365 1180 1439 Ausci,

124 1450 272 1523 Ceramni,
284 1449 441 1523 SibuzateS,
451 1449 619 1512 Cocosates:
631 1469 740 1529 paucae
749 1450 867 1511 rdtimae
877 1449 1010 1511 nationes
1022 1450 1091 1510 anni
1104 1459 1179 1510 tem-
1200 1453 1215 1504 2

122 1553 197 1614 pore
213 1537 347 1607 conlisae,
362 1536 441 1614 quod
455 1535 550 1596 hiems
566 1535 689 1608 suberat,
703 1536 762 1595 boc
776 1536 870 1594 lacere
883 1535 1079 1612 neglexerunt.

208 1624 262 1685 28.
296 1619 409 1679 Eodem
434 1621 494 1680 lere
519 1629 651 1698 tempore
671 1620 785 1692 Caesar,
811 1617 865 1679 etsi
889 1637 984 1697 prope
1003 1625 1102 1679 exacta
1122 1618 1179 1679 iam

122 1711 216 1764 aestas
236 1711 308 1777 erat,
327 1711 437 1778 tamen,
457 1705 536 1783 quod
556 1704 740 1765 omniGallia
758 1711 858 1782 pacata
873 1702 980 1763 Morini
998 1702 1180 1781 Menapiique

123 1798 307 1868 supererant,
328 1789 377 1867 qui
397 1788 428 1848 in
446 1789 536 1849 armis
554 1795 650 1848 essent
669 1807 764 1867 neque
784 1789 818 1848 ad
835 1806 902 1848 eum
917 1805 1055 1867 umquam
1070 1787 1179 1866 legatos

123 1873 159 1933 de
188 1891 259 1951 pace
282 1872 443 1945 misissent,
470 1873 621 1934 arbitratus
645 1873 673 1933 id
692 1873 800 1933 bellum
822 1872 950 1933 celeriter
971 1871 1076 1933 confici
1090 1891 1179 1953 posse

122 1977 157 2018 eo
173 1957 331 2018 exercitum
346 1957 477 2030 adduxit;
499 1958 548 2036 qui
562 1959 648 2036 longe
662 1957 716 2018 alia
731 1957 843 2018 ratione
858 1975 891 2018 ac
909 1957 1014 2036 reliqui
1031 1957 1103 2017 Galli
1116 1955 1177 2016 bel-

122 2041 184 2103 lum
205 2041 303 2120 ger'ere
324 2050 491 2122 coeperunt.
521 2043 595 2103 Nam
615 2043 693 2122 quod
711 2041 912 2122 intellegebant
926 2041 1067 2103 maximas
1082 2041 1178 2102 natio-
1199 2049 1215 2100 2

121 2145 182 2200 nes,
198 2145 270 2206 quae
284 2127 395 2206 proelio
411 2127 638 2201 contendissent,
653 2128 752 2207 pulsas
768 2134 974 2206 superatasque
988 2145 1066 2202 esse,
1083 2125 1179 2187 conti-

121 2219 281 2290 nentesque
296 2211 382 2271 silvas
397 2230 431 2272 ac
445 2212 566 2290 paludes
580 2213 731 2286 habebant,
746 2231 780 2273 eo
796 2231 827 2292 se
841 2231 951 2291 suaque
962 2211 1061 2272 omnia
1072 2220 1179 2271 eontu-

121 2297 225 2358 lerunt.
265 2296 308 2357 Ad
335 2313 457 2374 quarum
481 2296 596 2357 initium
620 2296 758 2358 silvarum
785 2317 851 2356 cum
872 2295 977 2358 Caesar
1000 2296 1179 2375 pervenisset
1199 2299 1215 2350 3

123 2389 272 2460 castraque
291 2380 405 2440 munire
424 2380 606 2454 instituisset,
630 2399 725 2460 neque
743 2381 837 2442 hostis
856 2380 972 2440 interim
992 2381 1072 2440 visus
1093 2387 1178 2455 esset,

122 2463 264 2546 dispersis
277 2464 308 2526 in
324 2483 412 2544 opere
426 2465 535 2526 nostris
548 2465 645 2526 subito
661 2486 695 2527 ex
711 2465 847 2526 omnibus
862 2465 993 2544 partibus
1009 2464 1095 2525 silvae
1109 2482 1179 2524 evoe

122 2651 217 2700 verber
229 2650 297 2700 nicht
307 2651 417 2713 geseben
429 2649 532 2699 werden
544 2649 623 2700 konn-
677 2665 723 2709 νος
743 2665 771 2700 so
782 2649 876 2700 -immer
890 2652 917 2700 ab
933 2665 962 2699 eo
977 2663 1085 2699 numero
1101 2671 1134 2690 =
1151 2651 1178 2700 in

122 2725 164 2768 ten
188 2719 283 2779 (cidari
294 2721 412 2786 poscent,
429 2733 483 2767 was
500 2719 624 2769 notiirliclr
678 2732 769 2768 eorum
782 2718 842 2780 (der
852 2719 946 2767 verber
958 2717 1112 2781 genannten)
1129 2733 1178 2768 aot·

123 2801 168 2835 aus
213 2789 285 2835 osset
312 2785 538 2835 beraulzunebmen
567 2785 622 2852 ist).
676 2800 748 2836 acero
762 2786 793 2848 (s.
807 2801 839 2834 zu
852 2784 892 2848 13,
905 2785 939 2847 5).

122 2801 211 2917 Vergf.
224 2853 249 2902 4.
264 2852 303 2916 tl,
318 2851 340 2902 1.
358 2852 386 2902 B.
400 2851 426 2902 C.
442 2852 464 2902 l.
477 2853 518 2917 41,
532 2853 557 2902 5.
711 2852 736 2902 2.
767 2868 867 2921 paucae
882 2852 988 2903 alliam
1009 2855 1126 2902 nationes
1142 2872 1178 2896 =

156 2920 180 2970 4.
215 2923 379 2990 impugnare,
403 2921 451 2970 wie
469 2937 546 2970 unser
564 2921 623 2971 ‘an-
675 2935 788 2988 paucae,
811 2937 875 2986 quaa
896 2919 1108 2986 plumescerent,
1131 2935 1178 2971 rru-

121 2987 228 3052 greilen’
241 2989 349 3050 absolut,
362 2989 393 3037 de
405 2988 457 3038 sich
467 2988 623 3052 derGegen-
678 2992 760 3040 boner
778 2989 954 3049 (verschieden
968 3004 1017 3038 von
1028 3003 1127 3056 paucae
1138 2987 1179 3039 ul·

123 3057 196 3106 stand
214 3072 265 3106 von
288 3055 369 3106 selbst
391 3055 497 3118 ergiebt.
526 3055 577 3106 Cio.
597 3068 622 3122 p.
676 3059 799 3106 termium
814 3059 958 3119 cadurcum)
977 3056 1001 3105 d.
1015 3057 1045 3105 i.:
1063 3056 1103 3105 die
1117 3057 1176 3106 iius·

124 3123 223 3188 Quinct.
236 3123 264 3188 2,
279 3123 307 3172 8:
325 3139 403 3188 quarn
417 3124 467 3174 illis
482 3123 511 3173 r'd
521 3127 622 3192 tempus
676 3130 790 3187 sermea,
808 3138 847 3172 am
860 3123 1045 3173 entierntesten
1057 3124 1178 3178 wobnen-¹

121 3191 570 3334 mgffldeffiadtglugmaibuerebus.
594 3259 621 3310 S.
675 3190 1178 3325 ἓζῖἑιιέἓιῗιαηᾶἓοιῗθέηεὲξξέῡὲξθένὲῗ

122 3341 153 3376 zu
179 3341 200 3377 o.
227 3325 256 3391 3,
282 3326 306 3376 3.
330 3353 363 3362 -
383 3341 432 3392 par
453 3329 622 3378 aconitioaes:
675 3343 721 3377 zen
735 3327 907 3391 Aquitanicus.

122 3393 195 3444 ‘iiber
205 3394 246 3459 die
258 3394 486 3456 Verscbanzungen
504 3393 620 3457 binweg’.
708 3384 761 3444 28.
782 3393 804 3442 1.
823 3397 867 3459 qui
876 3397 903 3442 iu
915 3397 997 3444 arada
1009 3395 1109 3443 asseret:
1120 3392 1144 3441 d.
1157 3392 1174 3441 i.

122 3461 145 3512 2.
160 3462 198 3529 10,
212 3461 463 3512 3.—tntanderunt:
477 3460 522 3510 ‘sie
534 3476 620 3510 waren
674 3459 712 3510 als
732 3462 830 3524 solebe,
853 3461 893 3510 die
915 3469 990 3510 unter
1007 3462 1055 3510 den
1075 3459 1176 3510 Waffen

121 3529 212 3580 darauf
224 3527 340 3580 bedacbt'’
364 3530 493 3589 (anamiim
507 3528 622 3588 r'ateude-¹
674 3531 792 3591 standen,
808 3543 863 3578 was
880 3527 923 3577 fiir
934 3528 961 3578 C.
975 3527 1062 3578 Grund
1074 3526 1116 3590 liin
1127 3527 1176 3578 den

121 3601 183 3648 runt
197 3598 254 3662 adl.
281 3597 337 3648 Liv.
354 3595 401 3659 36,
414 3594 459 3645 44:
481 3595 561 3646 altum
574 3613 621 3664 pc·
674 3595 775 3659 Angriff
782 3597 825 3660 ist,
839 3597 917 3646 daber
929 3597 974 3646 der
986 3595 1115 3645 Coniunet.

121 3668 175 3715 tere
196 3665 313 3716 brtcndtt.
333 3691 367 3702 ——
386 3663 469 3714 multa
486 3667 572 3713 nocte:
598 3663 620 3715 1.
708 3664 732 3714 3.
761 3665 886 3715 ulvarum
904 3691 938 3700 --
960 3680 995 3713 ea¹
1017 3678 1084 3712 omn.
1104 3664 1175 3729 part.

120 3731 161 3794 22,
175 3733 200 3784 4.
317 3726 320 3736 ⁴
576 3742 580 3746 “
673 3731 757 3782 nicae.
770 3732 871 3782 Saul.
885 3731 924 3795 19,
935 3731 1130 3798 5.—a'aopere.
1146 3729 1173 3778 B.

153 3793 208 3853 27.
234 3801 256 3851 1.
279 3817 328 3868 qao
339 3802 366 3850 ab
376 3799 621 3864 nuucerosueruat:
674 3799 701 3848 C.
714 3799 735 3848 1.
745 3799 787 3863 lt,
799 3799 828 3848 3:
840 3816 873 3850 ne
883 3803 910 3848 in
922 3795 1174 3866 operesaoicndo

121 3867 257 3920 ‘darunter
279 3866 377 3920 wacen’
400 3889 436 3909 =
457 3869 484 3916 ia
512 3881 621 3932 quoram
672 3866 766 3918 auilites
783 3869 993 3918 calecamentum
1009 3865 1049 3916 bei
1067 3867 1112 3914 der
1122 3865 1174 3914 Ar-

122 3935 210 3998 (ciiml.
240 3938 287 3987 der
313 3942 389 3986 anter
414 3937 531 3984 movim
554 3949 620 4003 pora
672 3933 733 3997 beit,
756 3936 803 3985 der
827 3934 990 3997 Bclestigung
1009 3934 1053 3983 des
1077 3933 1174 3996 Lageus

92 3998 101 4004 ’
119 4005 209 4072 Aperit.
221 4004 401 4069 inbegrilienen
413 4002 519 4068 Vblker)
530 4017 621 4054 numa
674 4002 752 4055 dureb
764 4002 874 4069 Creber,
886 4002 957 4055 wall
968 4017 994 4053 u.
1006 4001 1057 4066 dgl.
