2816 4468
502 363 518 385 ·=
546 334 761 420 abactae

1133 350 1204 428 itt

134 519 213 580 edito
238 520 317 593 loco,
341 527 375 582 ut
399 519 457 580 nisi
479 517 633 580 obsidione
658 517 817 598 expugnari
842 535 905 578 non
925 516 1194 596 posse·oideretut·3

135 604 219 665 cuius
240 603 322 664 collis
341 604 453 664 radices
475 604 533 664 duo
555 604 667 664 deabus
683 623 718 663 ex
732 602 863 682 partibus
877 601 999 662 flumina
1014 601 1193 662 subluebant.
1216 610 1232 662 2

133 689 209 750 aare
228 689 258 748 id
278 688 421 768 oppidum
440 688 578 768 planicies
600 688 713 748 circiter
731 687 809 747 milia
824 705 965 766 passuum
986 686 1040 746 tria
1055 685 1085 744 in
1099 685 1195 762 longi-
1216 695 1232 744 3

132 773 264 833 tudinem
290 773 418 852 patebat:
445 772 561 852 reliquis
587 792 621 832 ex
641 772 778 833 omnibus
797 771 929 851 partibus
950 770 1036 831 colles
1055 769 1196 830 mediocri
1216 780 1233 829 4
1272 782 1276 788 '

133 856 285 918 interiecto
306 857 399 936 spatio
417 858 480 936 pari
495 856 651 918 altitudinis
666 856 779 935 fastigio
793 856 935 935 oppidum
948 855 1109 934 cingebant.
1133 854 1194 915 Sub
1216 863 1231 913 5

133 960 236 1014 muro,
258 959 332 1020 quac
346 961 415 1021 pars
431 943 511 1002 collis
527 943 562 1002 ad
578 942 719 1002 orientem
734 941 826 1002 solem
847 940 1008 1019 spectabat,
1026 941 1106 1001 hunc
1127 957 1194 998 om-

131 1043 203 1086 nem
221 1025 319 1085 locum
338 1025 438 1104 copiae
460 1027 607 1087 Gallomm
630 1027 843 1106 compleverant
866 1027 1035 1104 fossamque
1055 1033 1083 1086 et
1096 1043 1194 1085 mace-

132 1111 208 1170 riam
228 1129 278 1170 sex
297 1109 327 1170 in
347 1111 526 1171 altitudinem
546 1111 655 1189 pedum
674 1112 894 1189 praeduxerant.
929 1111 1005 1172 Eius„
1014 1108 1195 1192 munitionis,
1216 1115 1232 1166 6

133 1213 207 1273 quac
222 1195 256 1255 ab
271 1194 413 1254 Romanis
428 1195 645 1270 instituebatur,
665 1196 800 1257 circuitus
816 1214 846 1254 xr
861 1195 940 1255 milia
955 1214 1097 1274 passuum
1112 1202 1194 1254 tenc-

132 1279 191 1339 bat.
225 1279 323 1340 Castra
350 1281 525 1359 opportunis
550 1280 623 1341 locis
650 1288 732 1341 erant
751 1267 847 1360 posita
867 1279 964 1357 ibique
985 1279 1100 1340 castella
1120 1283 1230 1338 xxrnt

131 1365 220 1437 iacta3
246 1364 350 1442 quibus
370 1365 400 1424 in
420 1365 542 1425 castellis
562 1364 688 1425 interdiu
707 1365 847 1424 stationes
867 1364 1063 1441 ponebantur,
1085 1381 1122 1423 ne
1139 1383 1197 1442 qua

133 1447 230 1508 subito
250 1449 363 1526 eruptio
384 1449 478 1509 fieret:
497 1450 569 1508 baec
588 1449 688 1509 eadem
708 1457 798 1508 noctu
818 1447 1033 1507 excubitoribus
1054 1467 1087 1508 ac
1102 1447 1195 1506 firmis

132 1532 285 1613 praesidiis
300 1533 481 1593 tenebantur.

217 1623 270 1684 70.
300 1616 395 1694 Opere
420 1617 553 1677 instituto
580 1618 612 1676 fit
638 1623 771 1694 equestre
796 1616 941 1695 proelium
961 1614 992 1674 in
1013 1633 1045 1674 ea
1064 1614 1195 1694 planicie,

131 1719 219 1780 quam
239 1701 438 1760 intermissam
456 1700 580 1763 ‘collibus
600 1699 654 1760 tria
674 1699 752 1760 milia
772 1719 914 1778 passuum
936 1700 966 1758 in
983 1699 1194 1778 longitudinem

130 1793 229 1864 patere
249 1802 338 1861 supra
353 1784 625 1845 demonstravimus
661 1784 783 1844 Summa
798 1785 825 1845 vi
840 1785 876 1845 ab
892 1784 1024 1862 utrisque
1040 1783 1193 1844 contendi·
1213 1789 1230 1839 2
1259 1777 1264 1784 “

129 1877 187 1930 tur.
210 1867 421 1928 Laborantibus
436 1869 547 1929 nostris
564 1869 838 1930 GaesarGermanos
854 1869 998 1930 submittit
1008 1868 1195 1947 legionesque

129 1972 187 2034 pro
204 1952 304 2012 castris
321 1953 478 2026 constituit,
493 1972 600 2033 nequa
615 1954 710 2014 subito
726 1953 849 2033 irruptio
866 1955 901 2014 ab
916 1954 1048 2014 bostium
1063 1953 1193 2032 peditatu

129 2039 189 2097 fiat.
222 2035 370 2097 Praesidio
390 2037 538 2115 legiou'um
560 2037 656 2098 addito
676 2032 787 2098 nostris
808 2039 922 2099 animus
939 2047 1071 2116 augetur:
1091 2039 1192 2098 hostes
1214 2041 1229 2092 3

128 2121 161 2181 in
177 2122 276 2199 fugam
296 2121 419 2181 coniecti
439 2141 470 2182 sc
490 2122 547 2202 ipsi
561 2123 746 2184 multitudine
762 2123 925 2202 impediunt
940 2131 1025 2201 atque
1041 2122 1193 2200 angustio-

128 2205 210 2266 ribus
225 2205 319 2284 portis
335 2205 441 2266 relictis
457 2216 671 2268 coacervantur.
700 2208 835 2269 Germani
854 2209 950 2269 acrius
965 2227 1059 2286 usque
1074 2203 1109 2268 ad
1124 2227 1192 2267 mu·
1212 2203 1232 2262 4'

129 2289 256 2351 nitioncs
282 2298 452 2370 sequuntur.
486 2293 533 2352 Fit
558 2311 662 2370 magna
689 2293 803 2352 caedes:
830 2292 964 2353 nonnulli
983 2291 1089 2352 relictis
1104 2291 1229 2370 -equis5

129 2375 239 2436 fossam
254 2375 378 2435 transire
392 2384 420 2434 et
433 2377 590 2436 maceriam
605 2375 809 2436 transcendere
826 2381 977 2437 conantur.
1011 2376 1135 2436 Paulum
1150 2375 1192 2436 le-

128 2577 205 2626 durcb
222 2576 317 2640 villigc
333 2576 550 2640 Einschliessung,
572 2576 632 2625 Blo-

127 2643 204 2708 lmdc‚
217 2645 286 2692 nicbt
302 2644 379 2692 durch
391 2643 574 2706 Erstiirmuog,
588 2659 633 2711 ap-

145 2714 253 2776 ugrcatio
266 2711 420 2760 einncbmcn.
439 2709 466 2759 ln
479 2712 524 2760 der
534 2713 632 2773 cigent-

125 2727 219 2842 lcbcn,
232 2790 343 2841 engeren
356 2779 502 2842 Bedeutung
519 2795 567 2827 von
586 2795 632 2828 crc-

124 2860 253 2914 pogrtarc,
267 2846 382 2910 crobern,
393 2847 534 2896 erstiirmen
547 2845 631 2909 (212,

128 2914 168 2977 2),
186 2910 275 2962 wiirdc
285 2914 581 2982 'obsidionaeapagmara
594 2914 631 2962 ei-

128 2995 176 3031 nen
189 2979 370 3048 Widcrsprucb
384 2983 521 3031 entbalten.

162 3071 188 3122 2.
215 3071 265 3121 deo
274 3055 402 3137 flamma}
422 3073 462 3122 die
479 3072 575 3123 Lutosa
593 3073 632 3133 (la

127 3138 209 3202 Loze)
235 3141 285 3188 und
310 3139 390 3190 Osera
418 3141 456 3202 (le
476 3141 631 3205 Lozerain).

127 3233 163 3244 ·-
174 3206 333 3257 subluceant.
353 3207 378 3255 S.
392 3207 416 3255 2.
431 3207 470 3270 15,
485 3207 509 3256 3.

161 3297 188 3346 4.
221 3296 344 3346 rnediocri
371 3299 454 3363 spatio
481 3300 629 3347 interiecta:

128 3365 154 3414 in
166 3363 291 3425 miissigcr
301 3362 472 3426 Entscrnung‚
490 3365 558 3414 nicbt
571 3366 629 3413 ‘von

128 3429 270 3492 einander‘,
289 3432 398 3480 sondcrn
410 3446 458 3480 von
471 3432 525 3480 dem
538 3431 628 3494 Hiigcl,

127 3499 174 3550 aui
182 3499 238 3548 dem
250 3497 336 3548 Alesia
348 3498 397 3560 lag.

163 3584 187 3634 5,
210 3597 274 3649 quae
288 3598 354 3650 pars
371 3581 440 3632 collis
457 3609 492 3618 -
507 3583 574 3632 bunc
589 3583 626 3632 la-

128 3667 186 3704 cum
195 3651 264 3700 breit
275 3652 323 3699 und
335 3650 500 3712 ausitidi-liam
517 3651 567 3698 wie
585 3649 626 3698 bei

100 3755 105 3762 -
128 3718 156 3770 C.
170 3719 220 3784 on,
236 3717 321 3768 wotiir
336 3733 364 3767 es
382 3717 509 3766 ciulacbcr
524 3718 625 3766 beisscn

128 3788 222 3838 kb'nnte
233 3789 283 3835 —t

163 3855 193 3924 'b
206 3857 359 3923 opportunis
376 3854 445 3904 locis.
469 3854 521 3903 Der
532 3851 633 3918 Plural,¹

128 3923 187 3973 weil
199 3924 250 3973 sicb
263 3924 306 3972 das
318 3923 409 3986 Lagea,
422 3922 490 3970 nicbt
501 3920 546 3970 aul
555 3919 629 3969 einen

129 3991 367 4054 cingcscblossenen
379 3989 457 4041 Raum
469 3988 629 4052 bescbr'a'nkt‚

688 2577 750 2626 iiber
774 2577 814 2626 dic
839 2592 903 2639 ganz
927 2575 1015 2625 Alesia
1038 2576 1192 2638 umgebcndc

686 2645 841 2706 Hiigclkettc
863 2643 962 2706 binzog.
984 2671 1018 2679 -
1038 2643 1155 2693 castella:
1169 2645 1191 2694 1.

688 2711 712 2774 8,
726 2711 750 2761 2.
767 2740 801 2748 -
819 2713 1012 2761 excubitoribus
1030 2713 1190 2761 tenebantur.

686 2779 770 2831 Ueber
787 2779 834 2828 den
852 2778 937 2828 Ablat.
955 2793 975 2828 s.
996 2778 1017 2826 1.
1037 2778 1060 2842 8,
1080 2778 1103 2827 1.
1130 2778 1193 2828 Hier

687 2847 750 2910 licgt
774 2847 800 2906 in
822 2847 878 2895 dem
899 2846 1032 2909 folgenden
1051 2846 1191 2912 praesidiis

686 2916 749 2964 noch
762 2915 802 2964 cin
815 2913 972 2965 besondcrcr
982 2912 1067 2964 Grund
1081 2914 1124 2962 des
1134 2913 1190 2962 blo·

688 2997 732 3032 sen
744 2982 828 3032 Ablat.
847 2981 918 3031 Aucb
932 2982 1001 3030 dicse
1015 2980 1095 3030 Stella
1113 2981 1189 3046 zeigt,

686 3051 744 3100 dass
756 3050 796 3099 dic
806 3049 976 3112 gcwdbnlicbe
986 3048 1131 3112 Erlrl'aiiung
1139 3053 1190 3100 von

685 3121 808 3168 excubiae
826 3115 1014 3180 ‘Tagwacben’,
1037 3117 1068 3167 im
1089 3115 1189 3180 Gagau-

685 3192 740 3235 satz
754 3202 786 3234 zu
797 3186 898 3250 uigiliae
916 3185 995 3234 falscb
1013 3186 1055 3234 ist.
1080 3184 1105 3233 S.
1119 3185 1147 3234 B.
1161 3183 1188 3234 C.

684 3251 811 3316 Itriegsw.
825 3254 839 3317 5
852 3253 895 3302 29.
910 3252 933 3301 8.

687 3351 772 3475 17lq).
795 3359 817 3408 1.
839 3363 1018 3410 intermissam
1030 3358 1148 3409 collibus:
1167 3375 1189 3408 c.

719 3465 726 3490 ‚
758 3463 764 3474 .

666 3537 670 3544 s
719 3515 742 3565 3.
757 3515 1061 3566 commoratumwcrdcn
1072 3515 1188 3565 inMassc

686 3584 963 3646 zusammengedriingt‚
977 3584 1008 3632 da
1021 3584 1058 3639 sic
1071 3598 1119 3632 nur
1131 3583 1190 3631 sebr

685 3659 748 3714 cng'a
761 3651 891 3713 Eing'dngc
904 3651 928 3699 in
942 3653 987 3700 der
996 3649 1086 3700 Maucr
1099 3650 1190 3712 (mace-

685 3721 733 3781 ria)
752 3719 868 3781 gelasscn
887 3719 981 3767 battcu.
1002 3717 1119 3767 Coaccrm
1138 3733 1188 3767 von

683 3783 818 3835 Lebcnden
840 3785 989 3849 gebraucbt‚
1015 3785 1065 3834 wie
1086 3784 1137 3834 Cic.
1163 3786 1188 3835 in

683 3921 737 3972 loeo
750 3925 926 3971 coacervatam
942 3921 1131 3972 multitudinem
1147 3937 1189 3972 cc-

684 3993 802 4042 strorum
813 3992 914 4040 citium.
1004 4032 1006 4034 .

937 4073 989 4124 20*
