2828 4480
226 337 290 403 204
355 359 358 366 ι
587 339 632 391 nn
649 339 758 392 nunno
777 336 919 392 eunuco

225 490 381 570 pertineam
399 491 457 571 ipsi
475 509 544 554 vero
563 493 636 564 nibil
654 493 787 556 nocitum
805 493 855 567 iri,
874 492 964 573 inque
982 511 1046 554 eam
1064 511 1128 555 rem
1147 511 1180 554 se
1198 512 1280 556 suam

188 585 204 636 ³
224 576 313 638 fidem
326 576 519 656 interponere.
540 578 592 640 llle
606 595 674 640 cum
685 579 769 640 Cotta
779 577 877 640 saucio
890 577 1094 652 communiret,
1108 577 1134 638 si
1144 577 1280 653 videon,

223 677 321 739 pugna
335 668 369 722 ut
382 663 522 724 excedant
540 669 568 724 et
587 681 654 724 cum
668 663 836 742 Ambiorige
854 681 913 724 una
928 663 1143 742 colloquantur:
1163 681 1281 742 sperare

186 751 204 802 4
224 744 261 806 ab
277 764 312 806 eo
328 746 363 808 de
378 765 431 808 sua
445 767 479 808 ac
492 747 617 810 militum
632 748 723 810 salute
737 748 887 828 impetrari
900 766 999 827 posse.
1029 747 1112 809 Cotta
1131 767 1163 808 se
1181 749 1218 809 ad
1233 766 1280 810 ar·

222 839 334 892 matum
347 831 465 892 bostem
477 831 588 894 iturum
601 840 687 912 negat
700 841 787 912 atque
801 833 832 894 in
846 851 881 895 ec
896 841 1068 912 perseverat.

308 919 360 984 tr.
383 915 509 978 Sabinus
524 936 599 996 quos
613 917 644 976 in
658 917 821 996 praesentia
834 916 968 978 tribunos
983 917 1107 978 rnilitum
1122 917 1235 980 circum
1249 936 1281 978 se

221 998 346 1062 habebat
360 1007 388 1062 et
401 999 567 1080 primorum
582 1001 720 1064 ordimini
736 1001 920 1064 centuriones
935 1021 967 1064 se
979 1001 1062 1082 sequi
1072 1001 1151 1062 iubet
1161 1009 1198 1076 et,
1213 1019 1281 1064 cum

221 1085 345 1164 propius
360 1085 557 1164 Ambiorigem
572 1087 753 1161 accessisset,
772 1087 871 1150 iussus
886 1106 966 1148 arma
980 1087 1092 1148 obicem
1105 1087 1281 1167 imperatum

185 1179 201 1230 2
223 1169 290 1230 facit
304 1169 435 1248 suisque,
450 1179 483 1232 ut
495 1170 574 1233 idem
588 1171 707 1246 faciant,
725 1172 858 1252 imperat.
887 1171 1020 1246 Interim,
1040 1172 1110 1233 dnm
1125 1172 1161 1232 de
1176 1171 1281 1234 condi-
1396 1213 1397 1254 ,

223 1252 356 1316 cionibus
371 1254 446 1316 inter
460 1274 492 1316 se
507 1264 596 1334 agunt
609 1256 782 1336 longiorque
800 1256 936 1318 consulto
956 1256 991 1317 ab
1005 1256 1174 1335 Ambiorige
1193 1255 1281 1318 insti-

185 1347 202 1398 3
222 1337 313 1403 tuitur
327 1357 438 1414 sermo,
456 1339 595 1418 paulatim
610 1341 824 1406 circumventus
838 1341 1017 1405 interficitur.
1048 1342 1125 1404 Tum
1139 1360 1209 1403 vero
1225 1359 1279 1403 suo

221 1441 306 1486 more
319 1425 469 1495 uictoriam
485 1425 667 1488 conclamant
684 1435 769 1506 atque
787 1427 927 1490 ululatum
945 1426 1051 1487 tollunt
1064 1426 1235 1506 impetuque
1249 1425 1281 1488 in

185 1517 202 1570 4
222 1517 342 1572 nostros
363 1511 438 1572 facto
459 1510 576 1572 ordines
595 1510 774 1590 perturbant.
803 1511 845 1572 lbi
860 1510 966 1573 Lucius
981 1510 1064 1572 Cotta
1081 1529 1217 1590 pugnans
1232 1510 1280 1570 in-

221 1593 362 1658 terficitur
377 1613 444 1656 cum
458 1594 584 1656 maxima
598 1605 681 1675 parte
694 1596 828 1658 militum.
857 1595 1023 1675 Reliquiae
1041 1596 1072 1656 in
1091 1603 1187 1658 castra
1205 1595 1281 1657 reci·

184 1683 200 1733 5
220 1679 314 1759 piuut,
328 1679 406 1742 uude
417 1688 500 1742 erant
513 1680 632 1759 egressi.
654 1681 698 1742 Ex
712 1681 818 1761 quibus
829 1680 937 1742 Lucius
947 1680 1128 1744 Petrosidius
1140 1681 1280 1760 aquilifer,

222 1782 289 1825 cum
299 1783 405 1843 magna
415 1765 599 1826 multitudine
608 1766 739 1832 hostium
751 1773 939 1846 premeretur,
952 1764 1077 1845 aquilam
1088 1765 1164 1827 intra
1174 1766 1280 1826 vallum

184 1853 201 1906 6
220 1849 354 1928 proiecit,
368 1849 432 1928 ipse
446 1868 501 1930 pro
522 1850 623 1911 castris
638 1851 797 1912 fortissime
810 1868 945 1930 pugnans
960 1850 1110 1912 occiditur.
1138 1850 1181 1911 llli
1196 1869 1280 1928 aegre

125 2005 133 2017 ·
205 1934 258 1994 fad
271 1942 388 1994 noctem
403 1935 652 2013 oppugnationem
667 1936 827 2008 sustinent3
845 1943 937 1997 noctu
952 1935 988 1996 ad
1003 1953 1096 1997 unum
1108 1954 1212 1997 omnes
1227 1936 1279 1997 de·

185 2027 200 2076 ‘l
221 2025 337 2096 sperata
351 2017 442 2078 salute
456 2037 488 2078 se
502 2018 560 2098 ipsi
573 2019 759 2081 interficiunt.
788 2020 877 2080 Pauci
896 2039 931 2082 ex
946 2020 1057 2098 proelio
1072 2020 1147 2100 lapsi
1161 2019 1279 2082 incertis

220 2101 370 2163 itineribus
384 2121 438 2181 per
451 2103 536 2164 silvas
552 2103 588 2164 ad
604 2103 702 2164 Titum
716 2104 875 2165 Labienum
889 2103 1015 2182 legatum
1028 2105 1060 2166 in
1075 2105 1196 2167 hiberna
1210 2124 1279 2185 per·

220 2186 339 2248 veniunt
353 2194 439 2265 atque
453 2205 520 2250 eum
536 2187 672 2250 derebus
688 2188 777 2267 gestis
793 2188 945 2252 seniorem
960 2189 1077 2251 faciunt.

306 2275 359 2338 38.
380 2271 442 2334 Hac
455 2271 575 2334 matoria
590 2272 719 2335 sublatus
734 2272 884 2335 Ambiorix
903 2274 1000 2336 statim
1019 2293 1088 2336 cum
1106 2274 1234 2354 equitatu
1248 2275 1280 2336 in

220 2356 401 2430 Aduatucos,
426 2357 475 2436 qui
495 2364 576 2419 erant
595 2357 657 2418 eius
676 2376 768 2438 regno
787 2357 926 2433 finitumi,
948 2359 1159 2439 proficiscitur3
1184 2377 1279 2439 neque

219 2559 369 2624 fordemng3
387 2560 468 2624 vergl.
482 2577 513 2610 zu
526 2559 550 2611 3.
563 2561 587 2624 5,
598 2559 621 2612 3.
631 2561 723 2629 Zumpt
778 2563 809 2612 15
826 2562 952 2614 Cohorten
973 2563 1008 2614 ist
1028 2563 1101 2613 nebst
1121 2564 1177 2614 dem
1192 2563 1278 2616 Unfall

219 2627 236 2694 ξ
249 2627 308 2677 615.
317 2628 393 2679 -de
404 2645 455 2680 run
467 2628 573 2692 (Titurii
583 2637 609 2680 et
618 2629 720 2695 Cottae)
775 2647 824 2682 vor
835 2630 963 2695 Gergovia
976 2631 1011 2694 (7.
1022 2630 1143 2694 44-51)
1162 2632 1208 2682 der
1219 2633 1278 2682 btr-

218 2695 302 2746 salute
312 2699 455 2765 impetrari.
477 2695 504 2746 S.
517 2713 550 2747 zu
563 2697 586 2748 1.
598 2697 640 2763 42,
655 2699 679 2750 1.
695 2699 721 2748 4.
775 2705 842 2749 teste
858 2699 951 2762 Scblag
966 2697 1008 2748 frit·
1022 2699 1051 2749 C.
1067 2699 1092 2749 iu
1108 2699 1164 2750 dem
1180 2715 1279 2762 genten

220 2763 260 2826 13,
274 2764 298 2812 5.
775 2763 877 2830 liriege.
896 2765 1067 2830 Erverfolgte
1077 2767 1278 2826 duberdielfbn·

254 2819 312 2882 37·
341 2829 367 2880 3.
393 2848 442 2883 ouo
462 2847 580 2883 more—
595 2832 722 2885 ululatum
774 2849 854 2884 renen
874 2835 924 2884 und
945 2835 994 2884 den
1009 2835 1140 2886 Ambiorix
1160 2835 1206 2886 mit
1221 2836 1278 2886 den

218 2898 317 2948 infirmi.
341 2899 397 2949 Liv.
414 2899 439 2948 5.
456 2898 496 2965 37,
514 2899 542 2948 8:
565 2904 720 2952 micinno·
774 2905 894 2966 grissten
915 2901 1005 2952 flasse.
1045 2902 1071 2952 S.
1089 2901 1112 2952 6.
1130 2901 1171 2952 34.
1191 2903 1215 2954 8.
1233 2903 1276 2954 24.

216 2965 404 3016 nocturnaliae
413 2981 480 3031 gene
494 2965 722 3032 (Gallorumltru-
775 2969 845 3020 Suet.
866 2967 938 3019 Caes.
959 2969 991 3018 tt
1018 2970 1128 3020 erziiblt:
1156 2970 1279 3036 diligebat

218 3035 243 3082 ei
256 3035 333 3083 ourriu
348 3032 550 3100 oimnoribuspue
564 3038 644 3085 uarie
659 3036 721 3094 lior·
772 3035 928 3102 usqueadeo
942 3036 1278 3102 (militer),uiuudituelude

217 3098 298 3152 rende
310 3104 402 3150 cuncta
412 3100 602 3167 complasmari
612 3118 685 3153 sono.
776 3103 911 3156 Tituriana
920 3106 1026 3155 buriam
1035 3105 1277 3173 capillumqueaum·

251 3166 276 3216 6.
305 3165 358 3216 Illi.-
386 3167 490 3233 reliqui,
518 3169 559 3234 qui
587 3169 612 3219 in
635 3178 719 3222 cestra
771 3173 883 3236 miserit,
904 3187 951 3222 nac
965 3173 1179 3240 celedensem,
1200 3189 1277 3242 quarn

217 3249 246 3284 se
259 3242 416 3299 receperant.
428 3263 461 3272 ·-
478 3235 514 3286 ud
523 3253 605 3286 unum
617 3252 720 3288 onmes:
772 3238 934 3291 uindicaret.

217 3303 243 3352 4.
258 3301 655 3384 rea-eaperecapere.
673 3306 718 3358 nei
806 3295 859 3358 88.
888 3308 910 3357 1.
939 3309 1139 3361 encaeniae.
1162 3309 1189 3360 s.
1205 3309 1275 3360 zur.

215 3370 657 3424 chasisclrenSchrrftstellernfindet
666 3375 718 3424 sicb
772 3372 813 3439 33,
824 3373 848 3425 6.
860 3401 895 3412 -
905 3392 985 3443 neque
996 3382 1097 3428 noctem
1107 3393 1188 3444 neque
1199 3377 1275 3430 diem

215 3455 244 3489 se
257 3440 380 3506 interficit
395 3439 474 3504 nieht,
495 3457 529 3491 aa
542 3443 612 3508 ipre
626 3443 717 3508 infers.
770 3442 823 3493 Der
840 3441 928 3494 Grnnd
948 3446 994 3494 der
1011 3443 1210 3510 Voranstellung
1224 3461 1275 3496 ven

215 3523 264 3558 nur
276 3507 358 3558 selten
370 3508 420 3558 und
432 3508 583 3560 vereiuzelt.
769 3514 871 3561 noctem
886 3512 922 3562 ist
937 3512 993 3562 bier
1013 3513 1053 3563 ein
1069 3513 1179 3563 enderar
1193 3514 1232 3564 als
1251 3514 1274 3562 1.

249 3574 274 3624 7.
290 3574 358 3643 lapsi
373 3575 553 3642 ‘entsclrliipft',
576 3578 659 3628 seiten
675 3577 717 3628 fdr
770 3575 816 3642 38,
835 3579 863 3640 7,
886 3580 972 3630 dasle
989 3581 1110 3632 zuniiclrst
1126 3581 1151 3630 iu
1170 3582 1217 3631 der
1231 3579 1278 3632 auf

214 3642 562 3762 dngewiilrnliobeeluqrur,
575 3645 717 3696 dasindes-
769 3646 818 3695 den
841 3644 935 3714 lfampf
959 3647 1093 3713 folgenden
1115 3648 1200 3700 Naobt
1226 3650 1274 3700 den

214 3724 260 3760 sen
280 3709 308 3760 C.
333 3711 358 3760 in
382 3711 468 3762 dieser
508 3713 633 3776 edentung
655 3715 717 3764 uncle
770 3711 871 3764 Marscb
887 3715 1018 3779 beginnen.
1065 3715 1105 3766 Zu
1125 3719 1274 3768 inminuit

213 3776 282 3828 nicht
292 3779 343 3830 bnt.
379 3779 481 3830 Curtius
493 3779 517 3829 3.
531 3779 568 3847 33,
583 3779 613 3832 3:
630 3797 644 3830 a
659 3797 717 3830 ma-
769 3781 870 3832 rioctm
895 3783 974 3842 (nicht
991 3805 1027 3826 ι-
1049 3783 1148 3834 interm.
1168 3799 1204 3835 sc.
1225 3785 1276 3835 iter

212 3847 287 3896 trdus
304 3846 503 3898 custodientium
518 3848 616 3917 lapsus.
632 3873 670 3888 —-
683 3848 719 3900 ud
770 3851 1274 3916 noctem,alsAce.derZeit)vergl.e.ll,

212 3910 352 3963 Labienum
364 3913 390 3964 S.
403 3930 424 3965 c.
436 3914 478 3978 24,
490 3914 516 3965 2.
771 3916 800 3967 br
818 3921 952 3970 nocturnis
969 3923 1020 3969 tarn
1039 3921 1127 3970 antus
1143 3923 1275 3972 interruit·

246 3977 294 4029 Dia
305 3981 436 4043 ginaliebe
449 3981 622 4048 Verniebtnng
633 3985 718 4036 dieser
770 3987 824 4049 oicg
837 4001 860 4036 c.
871 3985 914 4050 40,
924 3985 949 4036 5.
960 3985 1009 4037 tt
1035 3986 1070 4052 ,2.
1080 3987 1108 4040 Β.
1118 3985 1146 4040 C.
1158 3987 1181 4039 1.
1191 3987 1234 4052 32,
1245 3987 1273 4038 fr
