2798 4482
556 339 588 394 ιι.
605 341 700 394 Μ.
1078 308 1147 406 ιιι
1240 413 1242 417 ,

103 496 188 572 gnare
200 502 370 574 coeperunt
393 495 484 574 Aegre
495 513 529 556 eo
542 493 589 556 die
602 503 794 556 sustentatum
810 503 862 556 est.
889 489 1035 558 Gallorum
1049 497 1149 557 eadem
1169 507 1185 558 2

102 585 184 658 atque
194 578 350 661 Belgapum
362 580 541 660 oppugnatio
553 587 599 640 est
608 581 688 641 haee.
711 580 765 642 Ubi
778 580 959 643 circumiecta
969 581 1150 644 multitudine

101 664 257 724 bominum
277 665 346 725 totis
366 665 519 726 moenibus
540 664 667 744 undique
681 665 712 724 in
725 683 843 726 murum
857 665 966 744 lapides
986 665 1041 725 iaci
1056 663 1150 744 coepti

100 755 168 808 sunt
180 767 344 828 murusque
358 750 560 812 defensoribus
576 751 702 811 nudatus
716 758 768 824 est,
782 749 926 810 testudine
941 750 1014 810 laeta
1030 751 1148 827 [portas]

101 833 261 894 rueoedunt
274 853 449 914 murumque
459 835 614 896 subruunt.
630 833 717 907 Quod
727 842 791 895 tum
802 835 882 895 faeile
892 833 986 894 fiebat.
1000 834 1073 894 Nam
1084 851 1152 894 eum
1171 843 1187 894 3

100 925 175 978 unta
189 918 348 980 multitudo
367 919 475 998 lapides
496 919 599 980 aetola
619 919 797 992 conicerent,
818 920 849 980 in
868 935 953 980 muro
974 917 1152 978 consistendi

101 1009 230 1082 potestas
247 1011 309 1064 erat
322 1004 401 1064 nulli.
427 1005 499 1066 Cum
518 1005 607 1065 linem
626 1004 816 1083 oppugnandi
834 1020 893 1064 nox
913 1003 1040 1076 fecisset,
1059 1003 1151 1064 leuius
1171 1009 1189 1061 4

100 1087 224 1160 Remus,
246 1105 363 1149 summa
381 1089 530 1150 nobilitate
548 1097 577 1150 et
596 1089 686 1167 gratia
705 1089 781 1150 inter
795 1106 880 1162 suos,
900 1087 1026 1167 quitum
1041 1088 1151 1167 oppido
1259 1087 1261 1096 '

100 1173 272 1250 praefuerat,
287 1190 365 1234 unus
379 1193 415 1234 ex
428 1173 473 1246 iis,
488 1173 537 1253 qui
551 1173 636 1252 legati
652 1174 687 1233 de
702 1191 773 1252 paee
788 1173 825 1234 ad
840 1174 993 1234 Caesarem
1006 1181 1152 1247 venerant,

101 1255 235 1317 nuntium
256 1257 293 1318 ad
311 1275 378 1318 eurn
397 1259 497 1320 nullia:
522 1257 580 1319 nisi
605 1257 769 1320 subsidium
788 1256 842 1318 sibi
863 1257 1061 1332 submittatur,
1088 1275 1154 1318 sese

101 1340 207 1402 diutius
224 1342 370 1402 sustinere
384 1359 445 1403 non
460 1362 558 1422 posse.
925 1354 928 1363 “

183 1431 216 1492 7.
242 1427 288 1486 Eo
304 1426 339 1486 de
353 1427 448 1488 media
462 1435 548 1490 noete
560 1427 665 1488 Caesar
677 1427 770 1488 isdem
782 1427 904 1488 ducibus
916 1444 997 1499 neue,
1012 1426 1061 1504 qui
1075 1443 1153 1486 nun·

102 1509 132 1570 tii
145 1509 181 1570 ab
195 1509 273 1571 loeio
288 1522 438 1586 venerant,
458 1512 598 1574 Numidas
614 1519 642 1572 et
656 1511 754 1573 Cretas
770 1510 933 1590 sagittarios
949 1518 977 1571 et
991 1510 1152 1571 funditores

104 1593 232 1656 Baleares
249 1595 382 1656 subsidio
395 1596 552 1676 oppidanis
563 1597 660 1670 mittis
675 1615 801 1674 quorum
810 1597 933 1656 adventu
942 1594 1074 1654 etRemis
1085 1613 1153 1656 eum
1172 1605 1189 1656 ι

104 1697 154 1757 spe
168 1679 349 1740 defensionis
361 1681 491 1742 studium
505 1681 711 1761 propugnandi
725 1681 854 1753 arcessit,
869 1686 897 1740 et
906 1679 1042 1740 hostibus
1054 1680 1154 1740 eadem

105 1762 138 1824 de
156 1782 244 1825 eausa
260 1783 330 1844 spes
350 1766 484 1844 potiundi
504 1767 605 1846 oppidi
625 1765 767 1826 discessit.
793 1766 891 1843 ltaque
910 1763 1058 1843 paulisper
1076 1763 1153 1842 apud
1173 1771 1189 1821 3

105 1847 244 1926 oppidum
263 1850 370 1910 morati
389 1869 532 1930 agrosque
550 1852 711 1912 Remorum
737 1849 903 1929 depopulati
928 1849 1064 1910 omnibus
1082 1847 1154 1910 viois

107 1932 309 2014 aedifieiisque,
334 1953 410 2014 quos
435 1935 514 1998 adire
539 1943 687 2016 poterant,
712 1934 894 1996 incensis'ad
914 1940 1008 1995 eastra
1026 1933 1156 1994 Caesaris

107 2085 189 2134 warde
205 2086 384 2152 ausgebalten,
400 2086 606 2152 widerstanden',
659 2091 686 2138 ot
696 2091 753 2138 turn
760 2090 890 2156 praeerat.
916 2085 1017 2136 Abdere
1032 2083 1156 2150 beispiele

109 2152 130 2201 d.
137 2152 154 2201 i.
162 2167 217 2203 man
227 2155 292 2205 bielt
301 2155 361 2205 sieb.
378 2159 486 2206 ausleert.
498 2156 606 2220 absolut,
659 2155 704 2204 des
720 2153 876 2221 Plusquamp.
893 2152 935 2203 lair
954 2153 999 2202 das
1014 2151 1114 2220 Imperi.
1130 2152 1157 2202 in

109 2218 154 2269 wie
165 2228 242 2272 unten
255 2223 270 2288 §
284 2222 300 2271 4
314 2226 451 2274 maduere.
469 2223 569 2274 Abders
579 2223 605 2274 5.
659 2221 847 2274 Relativsiitzen
860 2237 881 2272 s.
894 2237 926 2271 zu
938 2219 962 2270 8.
974 2220 999 2284 2,
1014 2220 1036 2270 1.
1051 2249 1086 2257 —
1097 2235 1157 2271 rars-

110 2284 147 2349 29,
159 2287 186 2338 l:
199 2305 281 2356 aega-e
292 2293 315 2340 is
324 2290 378 2341 dier
389 2295 560 2342 sustentatur.
659 2293 740 2340 &aare
748 2291 797 2340 wie
809 2290 872 2339 oben
881 2291 1035 2339 aalma.
1047 2287 1155 2354 usal:
1263 2346 1265 2354 ἲ

141 2353 164 2405 2.
190 2361 253 2408 lotae
280 2361 413 2409 sueonibus
443 2357 539 2409 Ablue:
573 2358 606 2408 im
659 2361 825 2408 airusalem
834 2373 885 2408 oon
895 2359 1013 2424 possent,
1023 2359 1157 2424 muptione

111 2435 200 2484 gamen
212 2425 330 2478 Urnlrreis
342 2427 388 2476 der
399 2424 512 2477 Manem.
527 2427 551 2475 l.
564 2425 606 2489 72,
657 2443 675 2496 p
763 2430 813 2476 aral.

111 2488 137 2538 4:
158 2494 246 2543 turres
267 2497 322 2544 loto
341 2509 417 2561 opere
434 2492 607 2546 ciromndodil.
716 2524 726 2542 .
747 2493 769 2542 1.
782 2507 811 2543 eo
823 2513 858 2536 --
868 2495 895 2542 lu
907 2490 1063 2555 eumloeurrr,
1074 2492 1102 2539 io
1113 2505 1160 2540 ur-

112 2560 364 2626 -lestudr‘aesaota
375 2561 520 2612 curcodemi.
537 2559 608 2611 Naeb
660 2565 726 2625 ben,
748 2561 817 2610 niebt
835 2581 871 2602 ει
889 2558 961 2618 idem·
979 2558 1024 2608 das
1041 2555 1159 2620 fulgendo

46 2677 50 2690 ,
112 2622 607 2691 Vertreibnngderbesatzungderblau-
661 2614 793 2696 oppe'rbrm'a
822 2626 888 2676 kann
917 2626 987 2676 diere
1016 2623 1160 2686 Eriliirung

114 2693 609 2746 erodurebStelawiirferiiekensievor
661 2697 729 2747 niebt
751 2695 863 2744 bindern.
886 2721 921 2730 -—
943 2691 1076 2744 Nuoaa'dus.
1112 2690 1159 2741 Die

114 2771 143 2808 ιιι
158 2761 194 2811 dia
210 2763 302 2814 Mauer
318 2765 368 2814 und
379 2763 548 2827 untergraben
561 2763 607 2812 sie.
660 2763 734 2814 Num.
744 2761 848 2811 brauebt
856 2760 884 2810 C.
893 2761 925 2810 im
935 2759 1072 2823 gallisoben
1082 2755 1161 2822 lirieg

115 2824 171 2877 llam
179 2827 272 2898 Rumpf
278 2847 323 2881 aas
333 2830 544 2881 derFernewird
553 2830 607 2880 also
662 2847 710 2881 nur
725 2830 764 2880 als
779 2827 1016 2879 Leiebtbewaffnete
1036 2842 1068 2877 zu
1085 2825 1160 2890 Fusa,

116 2893 155 2944 (hs
166 2899 308 2964 moeedore,
321 2900 366 2948 das
377 2898 511 2948 Anriielren
523 2913 555 2948 on
568 2898 607 2947 die
663 2899 730 2949 niobt
738 2897 833 2947 Reiter.
855 2896 938 2959 Diese,
951 2911 979 2946 so
990 2895 1040 2946 wie
1049 2896 1088 2944 die
1098 2893 1161 2944 Cre·

116 2958 198 3014 liraer
209 2967 547 3030 selbst‚eotgegengesetzt,
559 2965 609 3015 wie
661 2966 805 3018 tensiseben
825 2963 1030 3028 bogenseliiitzen
1049 2962 1100 3012 und
1120 2961 1160 3010 die

116 3025 171 3081 Tae.
191 3032 256 3085 llist.
279 3033 303 3083 3.
327 3033 358 3083 27
368 3051 375 3083 ε
395 3037 480 3102 praeno
505 3035 609 3099 sagittis
639 3034 831 3084 ·Sebleuderer
850 3047 896 3082 aus
917 3033 964 3082 den
984 3030 1160 3112 Baleariseben

117 3111 250 3220 mg,
261 3103 611 3237 16666666...
662 3097 1162 3234 lltltidltta‚lt⁰tdllbll:

118 3237 280 3288 solatudino
292 3237 473 3288 succedunt.
491 3235 610 3300 Salllug.
663 3237 768 3286 braucbt
782 3235 899 3298 wardon,
917 3250 957 3284 um
975 3235 1022 3284 den
1040 3233 1120 3284 Feind
1136 3233 1162 3281 in

120 3296 156 3362 δῖ,
174 3301 201 3352 l:
220 3320 287 3372 pars
302 3307 401 3356 orrrirrnr
416 3303 542 3374 lapidibus
560 3320 610 3372 pu·
664 3301 930 3354 nerstreutenllaulen
942 3301 1161 3364 zubeunrubigen.

117 3379 200 3434 We,
208 3372 545 3424 afflmoeederamnmrom
553 3372 612 3436 rus·
665 3371 691 3422 S.
703 3371 770 3422 Einl.
782 3385 806 3436 p.
819 3368 861 3420 29.

113 3432 210 3496 soum.
233 3440 322 3504 vergi.
337 3447 415 3490 unua
432 3441 456 3490 ι.
473 3440 519 3502 es,
536 3439 561 3489 ι.
577 3465 612 3476 -
699 3439 724 3488 2.
759 3437 858 3488 oeae
871 3435 964 3504 appara
988 3435 1011 3484 a.
1028 3434 1056 3499 a,
1072 3433 1101 3483 a:
1116 3449 1164 3501 po-

121 3502 214 3556 beardo
226 3509 261 3558 ist
272 3508 313 3557 ein
329 3509 406 3558 dureb
422 3509 463 3558 die
478 3508 542 3557 iiber
555 3507 611 3555 dern
666 3510 721 3558 alm
788 3507 972 3555 recocta-orum.
985 3500 1162 3553 WalobeCon·

120 3562 183 3636 liopl'
200 3576 491 3639 zusammengebaltenen
512 3573 612 3624 Sebilde
666 3574 790 3624 struetion
821 3587 871 3622 von
893 3574 976 3638 potin·
999 3576 1068 3619 setzt
1093 3569 1165 3618 diere·

122 3635 347 3696 (adieStelledes
360 3642 455 3705 Taele.)
472 3641 612 3704 gebildetes
665 3641 801 3704 Wendung
822 3639 932 3690 vomas?
968 3637 1080 3702 (Zumpt
1103 3635 1162 3685 466.

122 3699 273 3774 Stbilddaelr,
289 3711 336 3760 wie
352 3711 393 3760 bei
408 3708 576 3760 derl’balanrr
590 3707 613 3758 1.
667 3709 739 3773 657.)
1069 3718 1073 3728 ·

123 3767 204 3834 ²⁴‚⁵.
700 3775 725 3825 a.
743 3773 998 3840 suadentesque,
1016 3787 1037 3822 s.
1056 3770 1079 3820 1.
1096 3771 1120 3834 s,
1137 3769 1162 3820 a.

152 3839 175 3890 ⁴1.
195 3861 297 3897 reomao
315 3845 459 3897 nobilitate.-
480 3844 502 3894 1.
526 3841 567 3908 18,
590 3841 614 3893 3.
667 3859 731 3909 quor
751 3842 797 3891 aul
812 3843 862 3892 ador·
879 3840 917 3890 uls
940 3841 985 3890 das
1006 3838 1163 3902 Wiobtigere
1184 3836 1187 3845 “

123 3915 315 3978 *meruerat
329 3929 369 3963 wo
378 3927 434 3964 man
441 3915 565 3980 praeerat
572 3923 614 3960 er·
668 3911 788 3972 beaogen.
809 3935 844 3944 -
864 3911 981 3959 menibus
1001 3909 1087 3974 oopr'a'r.
1112 3907 1165 3956 Iler

123 3983 220 4046 uertet,
235 4004 271 4026 ει
286 3985 330 4048 pari
342 3983 507 4052 praepositus
518 3980 617 4045 suerat
668 3978 739 4029 blose
773 3975 876 4027 Ablatir
910 3991 958 4026 voa
993 3975 1166 4038 begleitender
