2828 4480
552 351 559 359 ’
607 365 662 418 vss·
681 365 764 416 5—9·
845 371 847 374 ·
1148 368 1209 434 aet

157 519 194 580 ad
212 517 366 578 exercitum
387 517 585 592 contenderet,
604 537 641 579 ne
661 519 696 578 iis
713 517 829 597 quidem
845 538 879 579 eo
895 527 1039 599 tempore,
1059 522 1108 600 qui
1123 521 1213 602 quieti

155 603 333 675 riderentur,
349 621 429 663 suam
446 603 568 664 salutem
584 611 661 664 reete
676 604 817 664 committi
832 603 952 665 videbat.
1241 663 1246 669 .

242 695 273 756 7.
308 687 427 748 Interim
446 689 595 749 anterius
611 688 757 750 Cadurcus
773 689 804 748 in
819 689 949 750 Rutenos
965 690 1074 750 missus
1091 708 1154 750 eam
1170 689 1211 751 ci*

155 773 272 834 vitatem
291 772 427 833 Arvernis
452 773 594 834 conciliat.
626 773 806 852 Progressus
826 775 857 834 in
875 774 1049 852 Nitiobriges
1069 783 1097 835 et
1117 775 1210 836 Gaba·
1230 783 1246 836 2

156 858 202 918 los
218 858 253 919 ab
268 857 399 937 utrisque
415 857 531 920 obsides
547 859 651 938 accipit
666 867 694 918 et
708 876 813 940 magna
830 867 927 920 coacta
941 877 1030 920 mann
1044 859 1074 918 111
1089 859 1210 939 provin-

157 943 231 1003 ciam
254 942 421 1003 Narbonem
445 961 548 1004 versus
573 944 754 1022 eruptionem
781 944 874 1004 lacere
900 944 1056 1004 contendit.
1092 945 1155 1018 Qua
1179 955 1248 1006 113

156 1027 287 1088 nuntiata
303 1028 407 1089 Caesar
426 1028 561 1088 omnibns
582 1028 709 1089 consiliis
729 1029 964 1090 antevertendum
980 1029 1161 1102 existimavit,
1180 1036 1213 1090 nt

108 1165 110 1168 .
157 1112 325 1173 Narbonem
340 1112 579 1191 proficisceretur.
605 1113 649 1173 Eo
665 1132 731 1173 cnm
746 1113 883 1186 venisset,
899 1115 1033 1174 timentes
1049 1115 1212 1188 confirmat,
1230 1127 1248 1178 4

156 1197 300 1277 praesidia
319 1197 350 1256 in
370 1198 489 1258 Rutenis
509 1197 745 1276 provincialibus
766 1199 861 1259 Volcis
876 1199 1068 1272 Arecomicis‚
1088 1199 1211 1259 Tolosa·

155 1281 234 1343 tibus
261 1283 427 1361 circumque
449 1283 627 1356 Narbonem,
653 1302 725 1362 quae
744 1283 807 1342 loca
826 1284 960 1344 hostibus
981 1291 1062 1344 erant
1080 1283 1211 1355 finitima,

157 1367 314 1442 constitnit,
329 1378 439 1446 partem
452 1367 604 1446 copiarum
616 1387 651 1428 ex
661 1367 810 1446 provincia
821 1369 1120 1447 supplementumque,
1132 1367 1212 1448 quod
1231 1381 1247 1432 5

157 1471 192 1514 ex
205 1452 284 1512 ltalia
299 1453 465 1526 adduxerat,
480 1453 510 1512 in
525 1452 650 1525 Helvios
667 1452 716 1532 qui
731 1453 803 1512 lines
818 1452 1016 1513 Arvernorum
1032 1455 1217 1532 contingunt,

157 1537 311 1598 convenire
325 1537 412 1597 iubet.

241 1627 272 1688 8.
308 1621 359 1681 llis
380 1621 467 1681 rebus
483 1621 657 1700 comparatis
672 1639 808 1700 represso
824 1621 884 1681 iam
898 1621 1031 1682 Lucterio
1046 1619 1076 1682 'et
1089 1629 1213 1696 remoto,

157 1707 236 1786 qnod
250 1707 358 1766 intrare
372 1706 447 1765 intra
462 1706 604 1784 praesidia
619 1707 816 1784 periculosum
828 1708 955 1785 putabat,
971 1706 1000 1765 in
1012 1706 1128 1767 Helvios
1140 1725 1212 1785 pro·

155 1792 301 1852 ficiscitur.
329 1791 391 1850 Etsi
405 1809 492 1851 mons
508 1791 652 1864 Cevenna,
671 1792 720 1869 qui
735 1791 880 1851 Arvernos
897 1791 932 1852 ab
947 1791 1053 1852 Helviis
1070 1791 1210 1864 discludit,
1230 1803 1246 1852 2

155 1875 313 1958 durissimo
340 1883 472 1954 tempore
498 1875 566 1936 anni
590 1875 728 1936 altissima
748 1875 813 1936 nive
829 1876 883 1936 iter
902 1876 1088 1955 impediebat,
1115 1884 1212 1936 tamen

155 1961 288 2021 discussa
306 1959 371 2020 nive
390 1979 440 2020 sex
459 1960 490 2020 in
509 1960 688 2021 altitudinem
707 1962 816 2040 pedum
835 1969 920 2040 atque
939 1961 978 2022 ita
995 1961 1048 2022 viis
1062 1961 1211 2040 patefactis

155 2064 273 2106 summo
293 2045 416 2105 militum
437 2046 544 2106 sudore
563 2046 598 2106 ad
617 2046 690 2106 lines
705 2045 903 2106 Arvernorum
922 2047 1061 2126 pervenit.
1099 2045 1211 2120 Quibus
1232 2059 1248 2108 3

156 2129 306 2210 oppressis
322 2129 553 2209 inopinantibus,
569 2131 647 2210 quod
665 2151 696 2190 se
712 2131 843 2192 Cevenna
857 2139 889 2191 ut
904 2150 989 2192 muro
1005 2131 1135 2191 munitos
1151 2131 1211 2191 exi-

155 2215 324 2288 stimabant,
343 2234 377 2275 ac
394 2233 432 2274 ne
452 2215 590 2294 singulari
609 2215 725 2294 quidem
744 2235 885 2294 umquam
900 2216 1014 2276 homini
1029 2236 1063 2278 eo
1079 2225 1213 2296 tempore

154 2300 223 2362 anni
249 2300 366 2360 semitae
392 2308 557 2378 patuerant,
584 2301 727 2380 equitibus
752 2301 897 2380 imperat,¹
914 2308 948 2360 11
967 2320 1054 2379 quam
1074 2301 1214 2361 latissime

153 2385 271 2464 possint
289 2391 430 2462 vagentur
448 2393 476 2445 et
496 2404 583 2464 quam
598 2387 758 2446 maximum
772 2385 907 2446 hostibus
922 2392 1065 2445 terrorem
1079 2385 1211 2445 inierant.

154 2469 288 2530 Celeriter
306 2469 378 2528 haec
397 2471 472 2530 lama
493 2489 527 2530 ac
545 2471 655 2530 nuntiis
675 2471 710 2531 ad
730 2469 994 2548 Vercingetorigem
1013 2470 1213 2548 perferuntur3
1232 2481 1249 2532 4

155 2573 241 2633 quem
257 2553 401 2634 perterriti
417 2571 520 2614 omnes
535 2555 655 2615 Arverni
671 2554 888 2615 circumsistunt
903 2561 987 2632 atque
1003 2553 1165 2626 obsecrant,
1180 2561 1213 2614 ut

154 2639 216 2702 suis
236 2637 360 2700 fortunis
382 2640 527 2712 consulat,
547 2657 619 2699 neve
633 2639 669 2700 ab
684 2639 821 2706 hostibus
836 2637 1021 2717 diripiantur,
1041 2639 1212 2717 praesertim

154 2741 222 2786 eum
236 2723 330 2784 videat
345 2741 432 2784 omne
447 2724 483 2784 ad
498 2743 530 2784 se
544 2723 650 2784 bellum
664 2723 844 2785 translatum.
868 2722 1002 2796 Quorum
1015 2723 1062 2782 ille
1077 2722 1212 2802 precibus
1231 2733 1248 2784 5

154 2815 306 2888 permotus
322 2818 416 2870 castra
431 2827 466 2868 ex
479 2808 655 2886 Biturigibus
670 2816 768 2870 movet
784 2809 814 2868 in
828 2810 973 2868 Arvernos
988 2825 1100 2868 versus.

241 2897 273 2958 9.
307 2893 345 2954 At
370 2894 474 2954 Caesar
498 2893 619 2955 biduum
644 2893 675 2953 111
699 2893 746 2954 his
771 2893 844 2953 loeis
869 2899 1013 2970 moratus,
1040 2891 1118 2972 quod
1143 2893 1214 2953 haec
1240 2949 1242 2962 ,

155 2977 191 3040 de
208 2977 440 3057 Vercingetorige
464 2997 522 3040 usu
545 2987 665 3040 ventura
685 2977 823 3059 opinione
841 2985 1040 3059 praeceperat,
1067 2995 1121 3056 per
1144 2995 1213 3040 cau-

190 3121 221 3182 7.
239 3113 263 3179 li.
287 3133 402 3180 omrta'bur
418 3131 529 3181 coaulici
540 3135 658 3181 11111111-
711 3129 1008 3193 derProvinzwohnten,
1018 3143 1131 3180 nurzum
1140 3127 1213 3180 Theil

155 3198 260 3249 tendum
271 3201 347 3248 11111,
358 3199 528 3248 Anteccrtcre
542 3199 589 3248 mit
601 3200 657 3249 dem
711 3215 743 3248 zu
756 3198 889 3249 derselben
901 3199 1031 3261 gehtirten.

154 3265 213 3316 Dat.
225 3266 355 3316 bedentet:
370 3266 425 3315 eine
438 3265 517 3315 Sache
529 3282 577 3316 vor
586 3267 658 3316 einer
744 3256 777 3316 8.
797 3266 820 3316 1.
841 3266 886 3316 His
902 3268 979 3316 rebus
995 3280 1076 3332 comp.
1092 3279 1213 3331 represso

154 3335 266 3384 anderen
282 3335 434 3384 vornehmen
446 3333 496 3382 und
511 3333 548 3383 sie
560 3333 656 3383 betrei·
709 3333 798 3384 Latet:
815 3334 934 3383 nachdem
951 3333 1028 3382 sehon
1045 3332 1130 3380 ‘durch
1144 3331 1212 3382 diese

154 3401 212 3465 ben,
224 3402 279 3452 hier
290 3401 358 3450 also:
377 3416 406 3450 er
417 3399 518 3463 glaubte
531 3415 578 3450 vor
588 3401 656 3450 allen
709 3397 856 3452 Austalten’
888 3399 960 3448 Luct.
994 3398 1215 3460 znriiekgedrlingt

154 3470 266 3520 anderen
292 3467 387 3518 Plilnen
416 3468 523 3531 (vorher
549 3483 601 3518 war
628 3485 657 3518 er
709 3483 772 3517 war.
803 3468 854 3517 Das
875 3465 1035 3517 Verhtiltniss
1056 3464 1102 3514 der
1122 3464 1213 3514 beiden

154 3535 656 3600 1111111111)1111111111111111111-
710 3534 794 3586 Α11111.
812 3534 866 3583 oleo
883 3533 933 3582 wie
950 3532 1013 3582 oben
1030 3530 1079 3596 olt,
1102 3547 1127 3582 z.
1143 3531 1171 3582 Β.
1187 3529 1212 3582 2.

154 3621 209 3668 sen,
223 3605 281 3654 dass
294 3620 377 3654 er-.
396 3603 430 3652 So
439 3602 544 3653 braucht
553 3603 597 3653 das
606 3604 657 3653 De·
713 3601 752 3666 11,
766 3603 789 3652 5.
802 3600 844 3665 26,
857 3599 881 3650 3.
894 3599 918 3649 3,
931 3599 970 3666 24,
983 3599 1009 3649 2.

154 3687 251 3740 ponens
262 3672 344 3723 Plaut.
357 3671 444 3720 bacch.
458 3669 482 3720 3.
494 3670 522 3733 5,
537 3670 564 3719 l:
580 3674 658 3722 rebus
745 3669 770 3719 4.
787 3685 850 3720 aere
861 3671 892 3718 ab
904 3667 971 3718 bost.
985 3667 1152 3734 dinpr'rraatar:
1163 3665 1214 3716 und

154 3741 213 3792 ulr't'e
237 3743 395 3805 calet-oriar,
423 3737 606 3788 Mnesilochum
629 3742 660 3790 ut
712 3739 770 3788 dass
783 3753 812 3787 er
829 3737 897 3786 nicht
912 3735 1021 3800 augebo,
1039 3735 1097 3784 dass
1114 3733 1152 3784 sie
1167 3749 1213 3796 ge-

156 3811 295 3925 reqtpz’ram.
318 3807 396 3857 Sonst
412 3806 491 3856 heisst
513 3809 596 3856 anter.
613 3821 659 3856 zu·
710 3805 828 3922 ppiindlert
839 3803 956 3921 vlviirden,
974 3802 1213 3919 111111113115111111

175 3892 204 3926 or
222 3891 327 3926 ommen.
739 3888 835 3922 11111
862 3886 1027 3922 asse·s.zu
1057 3906 1064 3920 .
1149 3905 1156 3920 .

155 3891 174 3928 v
190 3944 216 3994 4.
234 3943 341 3994 linteati
351 3931 546 4012 praemeditor
556 3948 612 4004 sagt
621 3956 658 4006 er,
712 3889 727 3939 P
746 3929 778 3990 9.
798 3939 820 3990 1,
844 3939 875 3990 de
891 3939 920 3991 V
919 3906 1118 4012 eicn'o'gctova'ge³
1137 3937 1164 3988 S.
1181 3953 1213 3987 11

155 4010 400 4077 nortmannicum,
412 4009 658 4061 dieunderllrenze
712 4009 737 4060 5.
753 4007 799 4072 53,
815 4006 844 4072 4,
859 4007 910 4058 und
925 4006 980 4060 bes.
996 4006 1037 4058 die
1053 4007 1112 4058 dort
1127 4004 1213 4057 eitirte
