2776 4484
230 303 276 369 02
595 302 639 352 nu
657 302 763 356 nunno
782 302 923 356 clmvco

231 455 288 517 sed
303 471 403 534 paone
414 455 451 516 ad
470 453 630 534 perniciem
655 473 739 516 suam
758 462 897 518 uteretur.
932 455 1004 516 Sese
1022 463 1122 516 umen
1140 461 1169 516 et
1188 473 1294 516 amore

193 541 359 604 autumo
380 547 409 600 et
428 539 640 602 existimatione
659 539 735 618 vulgi
755 540 942 602 commoveri.
978 540 1065 612 Quod
1086 539 1112 600 si
1131 539 1201 618 quid
1226 540 1252 600 ei
1272 559 1293 600 a

230 624 357 688 Caesare·
366 623 480 702 gravius
495 623 661 696 accidisset,
682 642 748 684 cum
768 624 831 703 ipse
850 643 918 686 cum
936 620 1034 686 locum
1054 623 1194 684 amicitiae
1209 625 1291 702 apud.

137 767 139 774 .
230 727 299 770 eum
313 716 432 782 teneret,
446 708 594 768 neminem
609 708 840 770 existimaturum
855 727 918 770 non
933 727 987 768 sua
1000 709 1148 769 voluntate
1163 709 1293 781 tactum3.

230 811 289 872 qua
306 812 342 854 err
360 812 393 854 re
411 794 555 864 futurum,
580 791 622 852 uti
641 793 731 852 totius
752 793 857 855 Galliae
875 792 965 854 animi
985 813 1001 853 a
1022 811 1054 852 se
1078 800 1291 853 averterentur..

192 882 213 938 h
229 876 308 938 llaec
327 896 395 940 cum
414 877 545 956 pluribus
569 875 664 938 verbis
684 877 757 938 tlens
777 896 794 936 a
813 877 934 938 Caesare
952 884 1074 956 peteret,
1101 877 1206 938 Caesar
1226 877 1292 937 eius

229 962 360 1024 dextram
376 961 505 1040 prendit3
520 960 687 1022 consolatus
699 969 791 1039 rogat,
805 963 895 1022 finem
911 962 1013 1022 orandi
1028 961 1126 1036 laciat;
1140 961 1214 1022 tanti
1225 962 1293 1022 eius

230 1047 308 1124 apud
323 1064 355 1107 se
366 1045 487 1124 gratiam
498 1063 563 1106 esse
575 1045 710 1119 ostendit,
724 1046 768 1108 uti
779 1054 808 1106 et
817 1046 859 1106 rei
871 1045 1002 1125 pubhcae
1013 1045 1148 1106 iniuriam
1159 1053 1188 1106 et
1199 1065 1288 1106 suum
1378 1119 1379 1128 .

192 1135 209 1187 6
230 1130 363 1190 dolorem
378 1129 439 1190 eius
459 1129 599 1190 voluntati
618 1148 652 1190 ac
669 1131 805 1208 precibus
826 1131 982 1192 condonet.
1019 1130 1232 1208 Dumnorigem
1252 1131 1291 1190 ad
1378 1153 1379 1190 3

228 1221 366 1286 sevocat,
381 1215 500 1274 tratrem
515 1213 645 1287 adhihet3
660 1233 733 1292 quae
749 1215 780 1274 in
791 1234 825 1274 eo
838 1215 1039 1294 reprehendat,
1056 1215 1198 1288 ostendit3
1214 1233 1293 1293 quae
1378 1227 1379 1246 ³

227 1298 292 1375 ipse
306 1298 459 1376 intellegat,
475 1317 549 1376 quae
564 1297 661 1360 civitas
677 1308 827 1378 queratur,
847 1300 1003 1378 proponit3
1017 1308 1133 1372 mouet,
1148 1308 1182 1359 ut
1196 1299 1228 1358 in
1240 1317 1292 1360 rc-

227 1381 341 1460 liquum
362 1389 477 1462 tempus
498 1400 602 1442 omnes
622 1383 805 1462 suspiciones
825 1384 907 1457 vitet3
927 1383 1080 1462 praeterita
1101 1403 1133 1443 se
1147 1383 1292 1444 Divitiaco

229 1465 312 1529 tratri
325 1468 493 1528 condonare
509 1466 585 1528 dicit.
615 1467 786 1546 Dumnorigi
801 1469 938 1530 custodes
953 1469 1045 1546 ponit,
1065 1476 1106 1541 ut,
1127 1487 1200 1546 quae
1214 1474 1292 1546 agat,

230 1549 405 1628 quibuscum
419 1551 564 1630 loquatur,
579 1551 653 1612 scire
667 1553 770 1630 possit.

313 1641 364 1702 21.
387 1637 498 1696 Eodem
514 1636 560 1696 die
574 1635 610 1696 ab
625 1637 856 1714 exploratoribus
873 1636 979 1696 certior
999 1637 1091 1696 lactus
1113 1636 1215 1697 hostes
1231 1636 1293 1697 sub

227 1727 329 1780 monte
349 1721 519 1781 consedisse
538 1720 615 1796 milia
634 1740 775 1798 passuum
796 1721 830 1782 ab
849 1721 942 1799 ipsius
964 1720 1066 1780 castris
1086 1728 1168 1794 octo,
1193 1721 1291 1800 qualis

228 1811 306 1864 esset
325 1812 428 1864 natura
447 1803 558 1865 montis
578 1812 606 1864 et
622 1806 714 1882 quahs
729 1806 760 1864 in
776 1805 896 1866 circuitu
912 1806 1085 1878 adscensus
1106 1805 1155 1882 qui
1172 1823 1291 1882 cogno-

190 1895 207 1948 2
229 1896 354 1959 suerent,
374 1888 463 1948 misit.
500 1888 717 1949 Renuntiatum
729 1897 772 1948 est
791 1891 903 1950 facilem
923 1907 996 1950 esse.
1033 1889 1074 1948 lle
1093 1889 1178 1950 tertia
1191 1889 1289 1968 vigilia

228 1970 327 2031 Titum
341 1971 515 2044 Labienum,
535 1972 661 2048 legatum
677 1991 732 2050 pro
748 1982 895 2051 praetore,
911 1992 977 2033 cunr
994 1973 1105 2034 duabus
1121 1973 1288 2051 legionibus

228 2053 306 2114 otiis
323 2054 453 2127 ducibus
470 2055 519 2132 qui
534 2055 589 2114 iter
604 2065 807 2133 cognoverant
823 2076 973 2117 summum
988 2058 1090 2134 iugum
1105 2059 1216 2119 montis
1232 2058 1288 2118 ad-

190 2148 207 2201 t
228 2138 368 2198 scandere
382 2139 474 2212 iubet3
490 2139 559 2217 quid
575 2140 621 2200 sui
637 2141 749 2201 consilii
765 2141 810 2214 sit,
826 2142 961 2202 ostendit.
991 2142 1058 2220 lpse
1073 2142 1108 2200 de
1123 2150 1226 2219 quarta
1240 2143 1287 2202 vi·

228 2221 294 2301 gilio
309 2223 413 2292 eodem
427 2223 543 2296 itinere,
563 2243 621 2302 quo
642 2225 744 2286 hostes
764 2226 868 2300 ierant,
889 2227 924 2286 ad
940 2245 991 2286 cos
1008 2226 1157 2287 contendit
1172 2227 1287 2306 equita-

259 2442 284 2492 5.
319 2446 374 2494 cius
401 2446 523 2494 inlunem
547 2445 672 2496 condonet
693 2470 727 2489 =

225 2511 284 2560 dass
297 2525 327 2559 er
339 2512 378 2560 die
391 2511 475 2562 Uubill
487 2513 531 2562 dcs
544 2513 632 2563 Domo.
645 2529 725 2578 gagen

225 2579 274 2628 den
292 2578 364 2628 Staat
384 2579 439 2628 dem
460 2579 589 2630 Wunschc
610 2583 660 2632 und
681 2584 727 2632 dcr

224 2645 342 2696 Fiirhittc
352 2647 459 2696 desDiv.
466 2647 600 2710 gleichsam
610 2651 725 2714 schania,

223 2713 279 2780 also
289 2715 375 2764 nicht
388 2715 488 2778 riche,
498 2717 641 2780 ungestratt
649 2719 726 2781 lasse,

223 2780 270 2830 wie
299 2783 407 2831 nachhcr
434 2783 576 2850 praetenta
601 2785 726 2835 Divitiaco

221 2847 377 2899 condonare.

257 2930 281 2980 6.
311 2932 442 2998 adludere,
472 2925 519 2982 zur
548 2933 745 2998 Unterrcdungt

223 2997 321 3049 sichen.
342 3026 376 3034 —
396 3000 527 3064 iratellegnt
541 3023 577 3042 ==
597 3005 670 3051 sciat.
691 3030 725 3038 -

222 3065 343 3117 custodes
359 3089 394 3109 ==
409 3067 540 3118 heimliehe
561 3069 723 3120 Beobacbtor.

256 3154 321 3204 Ilass
335 3154 406 3206 Caes.
424 3158 471 3206 deu
484 3158 602 3208 Dumnor.
621 3175 649 3208 so
665 3161 725 3209 mlld

221 3221 363 3286 hehaudelt,
370 3225 412 3273 hot
421 3226 487 3274 wohl
497 3225 577 3275 nebeu
588 3228 633 3275 der
641 3226 725 3276 unck-

222 3289 288 3340 sicht
301 3289 347 3338 aul
356 3291 403 3340 den
416 3291 492 3342 Divit.
502 3293 641 3344 besonders
654 3296 724 3344 dariu

222 3357 309 3408 seinen
320 3357 413 3424 Grund‚
425 3361 483 3409 dass
494 3376 523 3409 cr
533 3363 585 3424 sah,
596 3363 666 3411 seina
677 3363 724 3412 Bc-

221 3424 338 3488 strafuug
350 3427 434 3477 wiirdc
447 3428 487 3477 dio
500 3428 601 3478 Htiduer
612 3431 662 3478 und
674 3431 724 3479 alle

221 3490 321 3543 Gallico
343 3495 476 3544 erbittern.
507 3496 601 3562 Sphter
619 3497 725 3546 verlohr

220 3573 251 3610 er
262 3561 365 3610 anders:
380 3563 403 3611 5.
418 3563 441 3626 7,
455 3563 479 3612 l.

255 3642 308 3701 21.
329 3652 351 3700 1.
373 3656 404 3703 ch
426 3653 642 3722 amploralorihus.
670 3655 726 3706 Ecc-

217 3717 286 3787 ploa.
316 3720 369 3770 siud
393 3721 597 3786 Detachements‚
627 3723 724 3773 welche

220 3789 374 3848 ausgesandt
385 3791 496 3852 werden,
509 3807 550 3839 um
563 3791 607 3840 das
617 3789 723 3840 Terram

220 3867 254 3902 zu
274 3858 454 3921 untcrsuuhen‚
477 3859 527 3908 uutl
547 3859 587 3908 dic
609 3859 725 3922 Stelluug

219 3915 267 3970 der
283 3919 377 3970 F'eiude
399 3925 670 3976 auszukundsohalteu.
698 3927 724 3976 S.

781 2447 808 2496 B.
822 2445 849 2495 C.
862 2443 989 2510 RriegsW.
1002 2445 1019 2511 ξ
1032 2445 1073 2495 22.
1086 2445 1160 2495 Aum.

814 2514 839 2564 2.
858 2514 972 2578 legatum
994 2517 1192 2581 propraetore:
1215 2511 1284 2564 Titcl

781 2582 827 2632 der
842 2581 954 2644 Legateu
970 2583 1009 2631 als
1027 2582 1223 2630 Stcllvertrctcr
1239 2582 1285 2630 des

780 2649 933 2712 Fcldherrn,
951 2651 999 2698 deu
1015 2650 1070 2698 hier
1082 2648 1221 2708 Labicum,
1239 2649 1285 2698 dcv

780 2717 914 2766 mehrruals
932 2718 970 2766 ein
986 2716 1195 2778 selbststdudlgos
1209 2716 1284 2766 Com-

780 2786 868 2840 mendo
881 2787 950 2833 hutte
963 2785 998 2847 (e.
1012 2783 1050 2833 10.
1061 2783 1101 2832 54.
1112 2783 1136 2831 5.
1150 2783 1173 2832 8.
1187 2784 1211 2832 7.
1226 2783 1283 2846 34),

780 2853 841 2900 auch
859 2853 883 2900 in
896 2852 1073 2902 Auwesenheit
1085 2853 1129 2900 des
1141 2850 1282 2900 Feldberru

780 2917 857 2967 liihrt.
880 2918 905 2966 S.
924 2935 956 2967 zu
973 2919 1000 2968 B.
1019 2919 1045 2968 C.
1063 2915 1188 2980 Rriegsw.
1206 2934 1230 2983 p.
1241 2918 1282 2966 37.

781 3008 821 3021 —-*
831 2999 985 3050 cognoscere
999 3009 1033 3028 =
1044 2985 1282 3036 auskuudschalten.

815 3053 875 3118 quid
891 3053 991 3103 consulat
1006 3057 1049 3104 sui
1063 3057 1099 3103 sit
1112 3075 1147 3094 =
1163 3053 1225 3117 quid
1240 3053 1283 3102 de-

781 3124 897 3170 creuerit,
915 3120 962 3169 Die
975 3121 1161 3183 Vergleichuug
1173 3121 1220 3169 der
1231 3119 1283 3168 Re-

780 3189 926 3236 dousarteu:
943 3187 972 3236 id
981 3189 1080 3238 corastla'e'
1094 3188 1170 3236 mihi
1180 3192 1221 3236 ecl
1232 3187 1282 3236 und

778 3255 807 3304 id
817 3256 916 3304 consolat
924 3259 985 3304 mai
995 3260 1041 3322 est,
1054 3271 1110 3318 mag
1122 3255 1220 3318 zeigcn,
1233 3256 1285 3304 wie·

779 3323 834 3372 hier
851 3323 896 3370 der
909 3321 992 3372 Genit.
1010 3340 1041 3372 zu
1058 3323 1143 3372 lasscu
1159 3323 1210 3371 uud
1227 3337 1281 3372 wo-

778 3405 828 3439 von
859 3405 887 3438 er
910 3389 1033 3453 ubh'tingig
1056 3407 1087 3439 zu
1112 3389 1210 3438 denken
1234 3390 1283 3438 sei.

779 3457 880 3506 Ebcuso
898 3456 921 3506 6,
936 3458 963 3520 7,
981 3457 1004 3506 8.
1019 3459 1042 3508 t.
1056 3457 1100 3520 vt,
1121 3456 1160 3505 12.
1175 3457 1201 3506 B.
1214 3456 1242 3506 C.
1256 3457 1283 3505 3.

782 3525 841 3587 109,
854 3524 883 3572 2:
902 3526 964 3590 vpua'd
977 3529 1120 3575 assaturae
1131 3523 1284 3574 uoluntatis.

779 3592 872 3660 Ctisars
881 3591 942 3642 Plau
955 3608 1016 3654 war,
1029 3594 1087 3642 dass
1096 3587 1222 3640 Labiehus
1233 3593 1281 3641 derv

779 3660 856 3723 Beria,
878 3676 925 3709 vor
945 3662 1000 3710 dem
1017 3661 1056 3710 die
1073 3660 1145 3708 llelv.
1164 3659 1283 3722 standon,

778 3729 912 3793 umgebeu,
930 3729 976 3776 den
989 3727 1073 3792 Gipfcl
1087 3726 1220 3776 desselben
1234 3727 1280 3775 be-

779 3803 866 3844 setzeu
878 3796 928 3845 und
941 3811 969 3844 so
982 3796 1028 3844 deu
1040 3795 1117 3845 Fciud
1131 3794 1163 3843 im
1176 3791 1282 3842 Riickcn

778 3864 882 3912 nahmen
896 3863 985 3925 sollte,
998 3863 1117 3911 whbrend
1131 3877 1163 3910 er
1175 3860 1215 3910 ihn
1229 3876 1282 3920 von

778 3945 841 3984 vorn
855 3928 983 3992 augreileu
996 3930 1092 3979 wollte.
