2828 4480
116 295 404 396 '·sao·

583 322 626 373 DE
643 322 751 374 BELLO
770 323 911 376 enucleo
980 316 985 334 '

223 493 314 556 paene
333 475 432 539 deletis
450 475 585 538 hostibus
598 475 629 538 in
644 475 762 538 mitibus
777 495 918 556 passuum
933 476 1025 547 tribus
1042 476 1148 539 offendi
1162 484 1274 556 posset,

108 591 122 616 t
224 561 351 640 quinque
370 561 506 624 cohortes
526 561 731 624 frumentatum
745 562 778 624 in
792 562 940 641 proximas
955 557 1068 640 'segetes
1083 558 1181 634 mittit,
1201 580 1274 640 quas

188 657 204 707 3
224 646 300 706 inter
314 653 343 706 ct
357 654 450 708 castra
464 663 540 706 uuus
555 646 676 708 omnino
692 646 774 706 collis
788 647 930 708 intererat.
964 646 1133 726 Complures
1147 655 1230 708 erant
1239 665 1275 708 ex

174 761 176 772 ·
222 730 386 808 legionibus
407 731 484 808 aegri
502 729 605 804 relicti,
626 751 660 791 ex
675 731 779 810 quibus
794 731 843 810 qui
857 733 915 792 hoc
930 731 1022 810 spatio
1039 731 1150 792 dierum
1166 748 1274 792 conva-
1309 749 1317 757 ·

222 814 348 889 Inerant,
364 814 476 876 circitor
490 834 551 890 ccc,
571 815 625 876 suh
640 815 740 878 vexillo
756 834 814 877 una
828 817 995 889 mittuntur3
1009 834 1113 894 magna
1127 827 1275 894 praetcrea

222 900 377 963 multitudo
393 900 542 974 calonum,
556 919 661 978 magna
675 900 718 960 vis
732 900 939 974 iumentorum,
955 920 1027 979 quae
1041 899 1072 960 in
1086 900 1187 962 castris
1202 900 1274 961 sub-

222 985 370 1058 sederant,
385 985 457 1045 sacta
471 992 614 1063 potestate
628 985 766 1064 sequitur.

310 1075 359 1138 37,
392 1069 455 1130 Hoc
473 1069 539 1148 ipso
561 1077 692 1150 tompore
712 1076 740 1130 et
760 1088 830 1130 casu
845 1071 980 1132 Germani
995 1070 1103 1148 equites
1117 1069 1274 1130 interveni-

221 1165 276 1218 unt
295 1154 488 1234 protinusque
507 1155 610 1214 eodem
628 1155 688 1226 illo,
707 1173 765 1233 quo
785 1163 934 1227 venerant,
954 1173 1041 1217 cursu
1060 1155 1095 1216 ab
1115 1155 1275 1216 decumana

223 1249 307 1322 porta
326 1240 357 1300 in
377 1247 470 1300 castra
486 1239 647 1318 irrumpere
663 1247 817 1312 conantur,
836 1258 892 1300 nec
905 1239 986 1320 prius
1002 1247 1071 1303 sunt
1085 1239 1138 1299 visi
1154 1239 1275 1300 obiectis

187 1339 203 1390 2
224 1327 259 1388 ab
279 1344 312 1386 ea
333 1331 414 1404 parte
432 1323 525 1397 silvis,
541 1343 629 1402 quam
648 1324 750 1385 castris
770 1324 1048 1404 appropinquarent,
1068 1342 1160 1404 usquc
1175 1343 1224 1396 eo,
1243 1332 1276 1384 ut

224 1410 273 1490 qui
288 1409 342 1470 suh
357 1408 430 1469 vallo
444 1409 596 1485 tenderent
609 1418 784 1470 mercatores
799 1409 956 1492 recipiendi
972 1409 1016 1470 sui
1035 1409 1198 1470 facultatem
1212 1427 1276 1468 non
1330 1425 1331 1432 ¹

186 1507 203 1557 3
223 1495 369 1558 haberent.
402 1493 590 1572 inopinantes
609 1494 703 1555 nostri
720 1513 752 1555 re
769 1511 844 1560 nova
862 1493 1079 1573 perturbantur,
1099 1512 1132 1554 ac
1150 1493 1197 1554 vix
1211 1493 1275 1571 pri-

185 1591 203 1640 4
223 1599 305 1642 mum
319 1579 461 1657 impetum
476 1579 583 1638 cohors
598 1579 629 1638 in
644 1579 767 1641 statione
782 1579 913 1641 sustinet.
949 1578 1225 1640 Circumfunduntur
1240 1597 1276 1638 ex

186 1682 202 1732 5
221 1663 338 1744 reliquis
352 1665 453 1724 hostes
468 1663 611 1742 partibus,
627 1663 652 1726 si
667 1683 756 1744 quem
768 1663 877 1724 aditum
891 1663 1017 1742 reperire
1031 1671 1161 1742 possent.
1184 1663 1276 1740 Aegro

223 1758 323 1830 portas
338 1748 433 1809 nostri
447 1755 576 1820 tuentur,
596 1748 723 1828 reliquos
739 1749 833 1809 aditus
847 1749 929 1809 locus
943 1749 1074 1827 ipseper
1088 1767 1119 1808 sc
1133 1745 1274 1808 munitio-

185 1850 202 1900 6
223 1855 279 1915 quc
294 1833 428 1894 defendit.
451 1833 532 1892 Totis
548 1833 708 1912 trepidatur
722 1835 837 1907 castn'S,
852 1840 937 1912 atque
951 1833 1023 1893 alins
1039 1851 1071 1892 ex
1086 1831 1141 1892 alio
1158 1836 1293 1892 causam*

222 1919 363 1980 tumultus
379 1917 502 1996 quaerit3
517 1935 611 1995 neque
627 1936 684 1996 quo
701 1917 782 1996 signa
798 1919 1044 1996 ferantur‚neque
1058 1935 1144 1996 quarn
1159 1917 1189 1976 in
1204 1934 1275 1996 par-

221 2155 252 2205 pe
274 2139 376 2188 erlitten
397 2138 496 2186 werden
517 2137 620 2187 kdnnte.
641 2166 675 2174 -
695 2141 721 2186 in

221 2205 322 2256 nuditus
332 2221 358 2274 p.
373 2204 638 2255 trebos=inncrhulb
651 2205 721 2255 eines

221 2273 436 2325 Roumesvon-

252 2340 313 2392 'Man
327 2341 430 2391 beochte
441 2342 480 2391 die
490 2339 657 2391 ansirihrliche
667 2340 722 2390 Mo-

221 2410 334 2472 tiviruog
360 2410 406 2458 der
428 2409 568 2472 Massregel
592 2410 636 2458 des
661 2407 719 2472 Cic,

223 2479 246 2528 in
264 2479 310 2527 der
321 2477 428 2528 indirect
439 2478 493 2527 eine
507 2476 721 2540 Eutschuldignog

223 2545 355 2595 dorsclben
368 2547 496 2596 euthalteo
508 2545 550 2595 ist.
571 2545 597 2595 S.
610 2561 642 2594 un
654 2561 675 2594 c.
688 2544 719 2593 41

222 2629 245 2664 u.
258 2614 288 2663 Ε.
300 2630 325 2662 ιι.
338 2612 379 2676 42,
394 2613 416 2662 1.

257 2681 280 2731 3.
302 2680 449 2749 Complures
465 2681 659 2746 eulog-ionibus.
684 2681 722 2730 Do

223 2750 260 2798 sic
278 2764 323 2798 ans
339 2750 536 2798 verschicdenen
548 2748 675 2811 Legidnen
689 2749 722 2812 irn

223 2815 307 2880 Lager
318 2816 529 2879 zuriickgelasscn
540 2832 626 2867 warcn
640 2818 721 2878 (octo-

223 2883 368 2935 recunditur
381 2900 401 2932 e.
413 2883 455 2947 40,
468 2884 509 2948 4),
528 2900 606 2946 rogen
619 2884 659 2933 die
671 2881 722 2932 Re-

223 2951 432 3002 coovalescenten
450 2951 517 3000 nicht
528 2952 573 3000 mit
585 2952 632 3000 den
645 2951 660 2998 5
674 2950 722 3000 Co·

222 3017 312 3068 horton
332 3018 378 3067 der
399 3016 495 3080 Legion
516 3019 560 3066 des
581 3017 641 3079 Cic,
663 3033 722 3066 son-

224 3087 285 3134 dern
298 3092 373 3133 unter
385 3085 464 3134 einem
476 3085 631 3135 besonderen
643 3087 723 3136 reod-

223 3152 288 3214 lum‚
309 3152 347 3200 als
365 3152 629 3202 ‘ausserordentiichcs
645 3153 722 3202 Dota-

223 3217 354 3282 choment‘,
367 3218 499 3269 comdant.
518 3219 545 3268 B.
556 3219 583 3268 C.
595 3216 722 3286 Rriegsrr.

224 3286 292 3352 §22
306 3286 329 3336 6.
338 3287 564 3338 -suhaedaruntr
583 3287 722 3350 zuriickge·

223 3355 322 3406 blieben
334 3369 432 3416 wareo3
452 3370 499 3405 our
511 3355 565 3404 hier
576 3355 615 3404 hei
628 3354 654 3404 C.

259 3413 311 3474 37.
335 3422 357 3472 1.
379 3423 431 3472 Hoc
446 3426 502 3490 ipso
520 3427 595 3491 temp.
611 3427 638 3474 et
649 3439 723 3474 curu:

224 3492 250 3541 in
273 3493 368 3542 diesem
389 3489 558 3554 Augcnhlicke
581 3493 630 3542 und
650 3498 725 3541 unter

224 3561 280 3613 dem
294 3559 386 3622 geradc
395 3560 463 3622 jetzt
475 3561 662 3621 cintreteodcn,
680 3560 724 3608 dos

225 3627 410 3678 Unternchmeo
422 3628 466 3676 der
479 3625 619 3676 Germanou
632 3627 725 3690 beg'dn-

225 3696 357 3758 stigendcn
372 3693 507 3745 Umstonde
530 3696 611 3756 (nicht
625 3717 660 3738 =
676 3695 725 3744 und

226 3777 296 3814 zwar
324 3763 400 3811 durch
423 3760 526 3824 Zuiall).
549 3790 583 3798 —
607 3760 728 3813 Germani

226 3834 332 3895 optritae:
357 3831 380 3879 5.
397 3829 439 3891 48,
457 3829 481 3879 3.
493 3833 570 3880 -od
587 3829 726 3881 donimano

223 3902 314 3964 porto:
331 3896 355 3946 2.
368 3897 409 3959 24,
423 3897 447 3946 2.
531 3940 535 3948 ,
651 3893 653 3899 ’

260 3963 285 4012 2.
302 3979 348 4013 nec
361 3968 437 4036 patus
452 3991 486 4002 -
498 3981 573 4030 quarn
589 3968 726 4035 opproprio·

777 2143 898 2204 pararent:
921 2137 944 2187 3.
961 2133 1003 2201 26,
1016 2136 1040 2186 3.
1051 2164 1084 2174 -·
1097 2139 1141 2203 qui
1150 2139 1197 2187 cub
1209 2136 1274 2187 rullo

777 2206 909 2256 tenderent
942 2209 1112 2256 mercatores:
1149 2204 1275 2264 Handcis-
1316 2239 1327 2249 ..
1403 2230 1404 2264 ,

775 2274 852 2335 leuto,
865 2275 905 2324 die
917 2275 962 2324 mit
973 2275 1027 2323 dem
1040 2273 1122 2322 Heero
1134 2287 1220 2337 rogeo,
1233 2287 1275 2322 um

775 2343 823 2391 deu
836 2340 955 2391 Soldaten
968 2339 1275 2402 disrepantissimum

775 2410 826 2459 und
842 2411 879 2459 sic
895 2409 940 2459 mit
956 2407 1229 2460 Lebensbcdiirinissen
1241 2423 1274 2456 zn

775 2493 922 2540 versorgcn.
950 2477 991 2526 Sic
1014 2477 1185 2526 huttco'ihren
1201 2475 1274 2524 Platz

775 2545 921 2595 ausscrholh
938 2545 982 2593 des
998 2543 1094 2606 Lagcrs
1113 2544 1172 2605 (sub
1185 2542 1274 2604 catto).

775 2613 1029 2663 tondere=tentoria
1042 2611 1145 2674 habere,
1156 2608 1276 2674 σκηνοῦν

774 2679 1178 2747 =campiren.—recipioudisui:
1189 2677 1213 2726 3.
1220 2676 1243 2740 6,
1252 2676 1274 2726 1.

810 2747 833 2797 3.
844 2747 1020 2814 Inopinantes:
1033 2747 1057 2796 4.
1070 2746 1094 2809 4,
1107 2747 1131 2794 5.
1143 2749 1213 2794 —a‘n
1222 2750 1277 2796 stu·

776 2819 844 2866 tione
855 2817 901 2865 mit
912 2815 1016 2877 cohors,
1030 2815 1097 2863 nicht
1107 2813 1152 2862 mit
1163 2816 1277 2864 sustinet

776 2900 808 2932 zu
823 2883 970 2932 verbindcn:
997 2883 1037 2931 die
1053 2881 1098 2931 oui
1112 2880 1207 2930 Wache
1220 2887 1275 2930 ste-

775 2950 855 3000 hende
866 2949 972 2999 Cohorte
983 2950 1033 3011 (die
1043 2948 1149 2998 Cohorte
1159 2946 1204 2996 oui
1210 2946 1277 2997 Wa-

777 3019 834 3080 che)
845 3040 879 3058 =
891 3021 989 3082 quaein
1002 3021 1112 3072 statione
1124 3019 1181 3066 erut
1192 3014 1233 3078 38,
1246 3014 1276 3078 33

776 3085 829 3134 olso
847 3084 1020 3148 Verbiodung‚
1040 3086 1088 3134 wie
1101 3085 1140 3134 die
1153 3099 1185 3133 zu
1197 3082 1222 3132 4.
1235 3081 1277 3146 33,

778 3153 789 3201 l
804 3153 981 3218 hesprochene.

810 3220 836 3268 4.
853 3223 1038 3287 ci—posaent:
1056 3237 1077 3269 c.
1091 3218 1132 3282 29,
1146 3219 1170 3266 4.

770 3299 773 3310 ¹
811 3288 835 3338 5.
852 3288 961 3352 reliquos
974 3289 1067 3353 Mirus,
1083 3288 1150 3336 nicht
1162 3285 1210 3334 wie
1220 3301 1277 3335 mon

777 3371 953 3420 ungenommen
965 3357 1015 3418 hat,
1030 3357 1091 3404 noch
1101 3355 1202 3417 andere,
1217 3370 1278 3404 aus·

777 3439 820 3474 ser
831 3425 879 3473 den
891 3424 1077 3488 gewdhnlicdcn
1091 3423 1106 3470 4
1118 3423 1218 3472 Theren
1232 3423 1277 3472 dcs

776 3491 881 3556 Lagare,
894 3492 1000 3542 sondcro
1013 3491 1097 3540 uditate
1110 3491 1144 3540 ist
1156 3488 1278 3552 ‘Zugoog’

777 3560 800 3608 d.
813 3559 829 3608 i.
844 3559 891 3610 Ort
902 3561 950 3608 und
961 3558 1125 3622 Gelegenhcit
1134 3558 1278 3620 irgendwo-

777 3627 818 3675 hin
829 3643 860 3675 zu
870 3628 998 3691 gelangcn,
1009 3628 1084 3678 daher
1092 3626 1137 3676 rel.
1147 3625 1280 3675 ud.==der

778 3693 882 3757 Zugang
902 3711 933 3744 zu
954 3695 1002 3744 den
1022 3694 1126 3756 iibrigcu
1147 3692 1229 3743 Orten
1245 3693 1280 3742 itu

778 3761 883 3826 Urniang
898 3763 942 3812 des
954 3761 1061 3824 Lageus,
1078 3777 1118 3810 wo
1131 3762 1170 3810 die
1182 3761 1279 3810 Feinde

778 3831 865 3880 hatten
884 3831 1027 3892 eindringen
1039 3829 1146 3880 k‘o'nnen.
1171 3828 1239 3890 B.,G.
1253 3827 1279 3877 2.

780 3896 818 3962 35,
842 3899 871 3946 5:
893 3897 940 3948 eod
957 3897 1006 3947 toa'
1018 3901 1114 3948 nutura
1129 3901 1156 3946 ot
1169 3900 1279 3950 rnunttr'o
1308 3903 1312 3920 ¹

778 3969 924 4016 carnorum
935 3965 1034 4014 aditum
1043 3965 1217 4032 prohibebunt.
