<?xml version="1.0" encoding="UTF-8"?>
<!DOCTYPE html PUBLIC "-//W3C//DTD XHTML 1.0 Transitional//EN"
    "http://www.w3.org/TR/xhtml1/DTD/xhtml1-transitional.dtd">
<html xmlns="http://www.w3.org/1999/xhtml" xml:lang="en" lang="en">
 <head>
  <title>
</title>
<meta http-equiv="Content-Type" content="text/html;charset=utf-8" />
  <meta name='ocr-system' content='tesseract 3.04.00' />
  <meta name='ocr-capabilities' content='ocr_page ocr_carea ocr_par ocr_line ocrx_word'/>
</head>
<body>
  <div class='ocr_page' id='page_1' title='image "./ciuliicaesarisc04krangoog_0141.png"; bbox 0 0 2798 4482; ppageno 0'>
   <div class='ocr_carea' id='block_1_1' title="bbox 214 307 296 368">
    <p class='ocr_par' dir='ltr' id='par_1_1' title="bbox 214 307 296 368">
     <span class='ocr_line' id='line_1_1' title="bbox 214 307 296 368; baseline 0 0"><span class='ocrx_word' id='word_1_1' title='bbox 214 307 275 368; x_wconf 84' lang='lat'>126</span> <span class='ocrx_word' id='word_1_2' title='bbox 291 321 296 328; x_wconf 76' lang='grc'><em>’</em></span> 
     </span>
    </p>
   </div>
   <div class='ocr_carea' id='block_1_2' title="bbox 576 308 906 362">
    <p class='ocr_par' dir='ltr' id='par_1_2' title="bbox 576 308 906 362">
     <span class='ocr_line' id='line_1_2' title="bbox 576 308 906 362; baseline 0 -4"><span class='ocrx_word' id='word_1_3' title='bbox 576 308 620 359; x_wconf 81' lang='lat' dir='ltr'>llll</span> <span class='ocrx_word' id='word_1_4' title='bbox 638 309 745 361; x_wconf 87' lang='lat' dir='ltr'>BELLO</span> <span class='ocrx_word' id='word_1_5' title='bbox 765 308 906 362; x_wconf 72' lang='lat' dir='ltr'>Gannico</span> 
     </span>
    </p>
   </div>
   <div class='ocr_carea' id='block_1_3' title="bbox 175 456 1271 628">
    <p class='ocr_par' dir='ltr' id='par_1_3' title="bbox 175 456 1271 628">
     <span class='ocr_line' id='line_1_3' title="bbox 175 456 1271 542; baseline -0.005 -20"><span class='ocrx_word' id='word_1_6' title='bbox 175 473 193 522; x_wconf 79' lang='lat'>4</span> <span class='ocrx_word' id='word_1_7' title='bbox 213 479 247 522; x_wconf 92' lang='lat' dir='ltr'>ac</span> <span class='ocrx_word' id='word_1_8' title='bbox 261 478 323 522; x_wconf 91' lang='lat' dir='ltr'>non</span> <span class='ocrx_word' id='word_1_9' title='bbox 338 461 429 520; x_wconf 89' lang='lat' dir='ltr'>modo</span> <span class='ocrx_word' id='word_1_10' title='bbox 445 461 561 522; x_wconf 84' lang='lat' dir='ltr'>defesso</span> <span class='ocrx_word' id='word_1_11' title='bbox 577 482 611 523; x_wconf 84' lang='lat' dir='ltr'>ex</span> <span class='ocrx_word' id='word_1_12' title='bbox 626 481 724 542; x_wconf 84' lang='lat' dir='ltr'>pugna</span> <span class='ocrx_word' id='word_1_13' title='bbox 738 461 903 536; x_wconf 83' lang='lat' dir='ltr'>excedendi,</span> <span class='ocrx_word' id='word_1_14' title='bbox 919 461 969 522; x_wconf 90' lang='lat' dir='ltr'>scd</span> <span class='ocrx_word' id='word_1_15' title='bbox 984 478 1022 520; x_wconf 93' lang='lat' dir='ltr'>ne</span> <span class='ocrx_word' id='word_1_16' title='bbox 1037 458 1137 520; x_wconf 88' lang='lat' dir='ltr'>saucio</span> <span class='ocrx_word' id='word_1_17' title='bbox 1153 456 1271 536; x_wconf 88' lang='lat' dir='ltr'>quidem</span> 
     </span>
     <span class='ocr_line' id='line_1_4' title="bbox 213 543 1270 628; baseline -0.004 -22"><span class='ocrx_word' id='word_1_18' title='bbox 213 545 276 606; x_wconf 91' lang='lat' dir='ltr'>eius</span> <span class='ocrx_word' id='word_1_19' title='bbox 291 544 361 617; x_wconf 89' lang='lat' dir='ltr'>loci,</span> <span class='ocrx_word' id='word_1_20' title='bbox 380 545 430 606; x_wconf 91' lang='lat' dir='ltr'>ubi</span> <span class='ocrx_word' id='word_1_21' title='bbox 450 546 633 622; x_wconf 78' lang='lat' dir='ltr'>constiterat,</span> <span class='ocrx_word' id='word_1_22' title='bbox 654 547 836 628; x_wconf 87' lang='lat' dir='ltr'>relinquendi</span> <span class='ocrx_word' id='word_1_23' title='bbox 854 566 888 607; x_wconf 89' lang='lat' dir='ltr'>ac</span> <span class='ocrx_word' id='word_1_24' title='bbox 906 545 952 606; x_wconf 88' lang='lat' dir='ltr'>sui</span> <span class='ocrx_word' id='word_1_25' title='bbox 971 544 1130 624; x_wconf 90' lang='lat' dir='ltr'>recipiendi</span> <span class='ocrx_word' id='word_1_26' title='bbox 1150 543 1270 603; x_wconf 81' lang='lat' dir='ltr'>facultas</span> 
     </span>
    </p>
   </div>
   <div class='ocr_carea' id='block_1_4' title="bbox 213 631 342 691">
    <p class='ocr_par' dir='ltr' id='par_1_4' title="bbox 213 631 342 691">
     <span class='ocr_line' id='line_1_5' title="bbox 213 631 342 691; baseline 0 -1"><span class='ocrx_word' id='word_1_27' title='bbox 213 631 342 691; x_wconf 88' lang='lat' dir='ltr'>dabatur.</span> 
     </span>
    </p>
   </div>
   <div class='ocr_carea' id='block_1_5' title="bbox 177 713 1314 2234">
    <p class='ocr_par' dir='ltr' id='par_1_5' title="bbox 213 713 1272 1049">
     <span class='ocr_line' id='line_1_6' title="bbox 299 713 1271 795; baseline -0.009 -14"><span class='ocrx_word' id='word_1_28' title='bbox 299 725 329 781; x_wconf 81' lang='lat'>5.</span> <span class='ocrx_word' id='word_1_29' title='bbox 353 713 426 778; x_wconf 84' lang='lat' dir='ltr'>Cum</span> <span class='ocrx_word' id='word_1_30' title='bbox 442 715 500 777; x_wconf 89' lang='lat' dir='ltr'>iam</span> <span class='ocrx_word' id='word_1_31' title='bbox 516 717 641 795; x_wconf 87' lang='lat' dir='ltr'>amplius</span> <span class='ocrx_word' id='word_1_32' title='bbox 661 717 743 777; x_wconf 91' lang='lat' dir='ltr'>horis</span> <span class='ocrx_word' id='word_1_33' title='bbox 764 736 816 776; x_wconf 86' lang='lat' dir='ltr'>sex</span> <span class='ocrx_word' id='word_1_34' title='bbox 836 715 1017 776; x_wconf 81' lang='lat' dir='ltr'>continenter</span> <span class='ocrx_word' id='word_1_35' title='bbox 1036 719 1217 792; x_wconf 83' lang='lat' dir='ltr'>pugnaretur</span> <span class='ocrx_word' id='word_1_36' title='bbox 1236 729 1271 772; x_wconf 92' lang='lat' dir='ltr'>ac</span> 
     </span>
     <span class='ocr_line' id='line_1_7' title="bbox 213 797 1270 876; baseline -0.005 -16"><span class='ocrx_word' id='word_1_37' title='bbox 213 819 275 861; x_wconf 92' lang='lat' dir='ltr'>non</span> <span class='ocrx_word' id='word_1_38' title='bbox 291 801 387 860; x_wconf 91' lang='lat' dir='ltr'>solum</span> <span class='ocrx_word' id='word_1_39' title='bbox 402 799 486 872; x_wconf 77' lang='lat' dir='ltr'>virae,</span> <span class='ocrx_word' id='word_1_40' title='bbox 506 801 556 860; x_wconf 90' lang='lat' dir='ltr'>sed</span> <span class='ocrx_word' id='word_1_41' title='bbox 573 801 658 861; x_wconf 87' lang='lat' dir='ltr'>etiam</span> <span class='ocrx_word' id='word_1_42' title='bbox 673 802 728 862; x_wconf 88' lang='lat' dir='ltr'>tela</span> <span class='ocrx_word' id='word_1_43' title='bbox 742 809 863 862; x_wconf 88' lang='lat' dir='ltr'>nostros</span> <span class='ocrx_word' id='word_1_44' title='bbox 879 801 1045 871; x_wconf 86' lang='lat' dir='ltr'>deficerent,</span> <span class='ocrx_word' id='word_1_45' title='bbox 1066 806 1152 876; x_wconf 79' lang='lat' dir='ltr'>atque</span> <span class='ocrx_word' id='word_1_46' title='bbox 1170 797 1270 870; x_wconf 88' lang='lat' dir='ltr'>hostes</span> 
     </span>
     <span class='ocr_line' id='line_1_8' title="bbox 214 881 1270 964; baseline -0.006 -18"><span class='ocrx_word' id='word_1_47' title='bbox 214 885 310 946; x_wconf 93' lang='lat' dir='ltr'>acrius</span> <span class='ocrx_word' id='word_1_48' title='bbox 325 886 467 945; x_wconf 83' lang='lat' dir='ltr'>instarent</span> <span class='ocrx_word' id='word_1_49' title='bbox 481 885 768 964; x_wconf 82' lang='lat' dir='ltr'>languidioribusque</span> <span class='ocrx_word' id='word_1_50' title='bbox 783 885 893 945; x_wconf 90' lang='lat' dir='ltr'>nostris</span> <span class='ocrx_word' id='word_1_51' title='bbox 909 883 1011 945; x_wconf 87' lang='lat' dir='ltr'>vallum</span> <span class='ocrx_word' id='word_1_52' title='bbox 1028 883 1161 943; x_wconf 90' lang='lat' dir='ltr'>scindere</span> <span class='ocrx_word' id='word_1_53' title='bbox 1170 888 1198 941; x_wconf 89' lang='lat' dir='ltr'>et</span> <span class='ocrx_word' id='word_1_54' title='bbox 1209 881 1270 940; x_wconf 91' lang='lat' dir='ltr'>los·</span> 
     </span>
     <span class='ocr_line' id='line_1_9' title="bbox 215 966 1272 1049; baseline -0.004 -19"><span class='ocrx_word' id='word_1_55' title='bbox 215 989 264 1030; x_wconf 89' lang='lat' dir='ltr'>sas</span> <span class='ocrx_word' id='word_1_56' title='bbox 280 970 426 1047; x_wconf 89' lang='lat' dir='ltr'>complere</span> <span class='ocrx_word' id='word_1_57' title='bbox 441 970 616 1048; x_wconf 84' lang='lat' dir='ltr'>coepissent,</span> <span class='ocrx_word' id='word_1_58' title='bbox 631 989 736 1049; x_wconf 87' lang='lat' dir='ltr'>resque</span> <span class='ocrx_word' id='word_1_59' title='bbox 747 980 825 1030; x_wconf 86' lang='lat' dir='ltr'>esset</span> <span class='ocrx_word' id='word_1_60' title='bbox 836 970 893 1031; x_wconf 89' lang='lat' dir='ltr'>iam</span> <span class='ocrx_word' id='word_1_61' title='bbox 905 970 940 1029; x_wconf 89' lang='lat' dir='ltr'>ad</span> <span class='ocrx_word' id='word_1_62' title='bbox 956 976 1118 1028; x_wconf 83' lang='lat' dir='ltr'>extremum</span> <span class='ocrx_word' id='word_1_63' title='bbox 1133 966 1272 1044; x_wconf 88' lang='lat' dir='ltr'>perducta</span> 
     </span>
    </p>

    <p class='ocr_par' dir='ltr' id='par_1_6' title="bbox 177 1049 1314 1388">
     <span class='ocr_line' id='line_1_10' title="bbox 177 1049 1314 1134; baseline -0.008 -17"><span class='ocrx_word' id='word_1_64' title='bbox 177 1068 193 1117; x_wconf 81' lang='lat'>2</span> <span class='ocrx_word' id='word_1_65' title='bbox 215 1074 324 1127; x_wconf 91' lang='lat' dir='ltr'>casum,</span> <span class='ocrx_word' id='word_1_66' title='bbox 336 1054 455 1114; x_wconf 86' lang='lat' dir='ltr'>Publius</span> <span class='ocrx_word' id='word_1_67' title='bbox 468 1055 581 1115; x_wconf 83' lang='lat' dir='ltr'>Sextius</span> <span class='ocrx_word' id='word_1_68' title='bbox 593 1055 726 1128; x_wconf 80' lang='lat' dir='ltr'>Racidus,</span> <span class='ocrx_word' id='word_1_69' title='bbox 737 1055 825 1134; x_wconf 93' lang='lat' dir='ltr'>primi</span> <span class='ocrx_word' id='word_1_70' title='bbox 836 1053 886 1133; x_wconf 92' lang='lat' dir='ltr'>pili</span> <span class='ocrx_word' id='word_1_71' title='bbox 899 1053 1039 1125; x_wconf 88' lang='lat' dir='ltr'>centurio,</span> <span class='ocrx_word' id='word_1_72' title='bbox 1053 1071 1139 1131; x_wconf 86' lang='lat' dir='ltr'>quem</span> <span class='ocrx_word' id='word_1_73' title='bbox 1151 1049 1273 1110; x_wconf 88' lang='lat' dir='ltr'>Nervico</span> <span class='ocrx_word' id='word_1_74' title='bbox 1310 1052 1314 1063; x_wconf 92' lang='lat'>&#39;</span> 
     </span>
     <span class='ocr_line' id='line_1_11' title="bbox 214 1134 1273 1220; baseline -0.004 -20"><span class='ocrx_word' id='word_1_75' title='bbox 214 1139 326 1220; x_wconf 87' lang='lat' dir='ltr'>proelio</span> <span class='ocrx_word' id='word_1_76' title='bbox 343 1139 543 1218; x_wconf 83' lang='lat' dir='ltr'>compluribus</span> <span class='ocrx_word' id='word_1_77' title='bbox 561 1141 724 1200; x_wconf 88' lang='lat' dir='ltr'>conlectum</span> <span class='ocrx_word' id='word_1_78' title='bbox 736 1139 902 1200; x_wconf 92' lang='lat' dir='ltr'>vulneribus</span> <span class='ocrx_word' id='word_1_79' title='bbox 915 1138 1050 1208; x_wconf 74' lang='lat' dir='ltr'>diximus</span> <span class='ocrx_word' id='word_1_80' title='bbox 1065 1137 1172 1197; x_wconf 89' lang='lat' dir='ltr'>etitem</span> <span class='ocrx_word' id='word_1_81' title='bbox 1185 1134 1273 1196; x_wconf 89' lang='lat' dir='ltr'>Gaius</span> 
     </span>
     <span class='ocr_line' id='line_1_12' title="bbox 215 1217 1286 1304; baseline -0.005 -21"><span class='ocrx_word' id='word_1_82' title='bbox 215 1224 387 1296; x_wconf 67' lang='lat' dir='ltr'>Volusenus</span> <span class='ocrx_word' id='word_1_83' title='bbox 408 1223 541 1284; x_wconf 90' lang='lat' dir='ltr'>tribunus</span> <span class='ocrx_word' id='word_1_84' title='bbox 556 1225 691 1296; x_wconf 93' lang='lat' dir='ltr'>militum,</span> <span class='ocrx_word' id='word_1_85' title='bbox 710 1224 797 1284; x_wconf 85' lang='lat' dir='ltr'>viret</span> <span class='ocrx_word' id='word_1_86' title='bbox 813 1223 925 1284; x_wconf 88' lang='lat' dir='ltr'>consilii</span> <span class='ocrx_word' id='word_1_87' title='bbox 940 1221 1037 1300; x_wconf 85' lang='lat' dir='ltr'>magni</span> <span class='ocrx_word' id='word_1_88' title='bbox 1053 1230 1081 1282; x_wconf 92' lang='lat' dir='ltr'>et</span> <span class='ocrx_word' id='word_1_89' title='bbox 1094 1220 1216 1292; x_wconf 89' lang='lat' dir='ltr'>virtutis,</span> <span class='ocrx_word' id='word_1_90' title='bbox 1236 1217 1286 1304; x_wconf 86' lang='lat' dir='ltr'>ad</span> 
     </span>
     <span class='ocr_line' id='line_1_13' title="bbox 217 1305 1272 1388; baseline -0.006 -19"><span class='ocrx_word' id='word_1_91' title='bbox 217 1309 336 1372; x_wconf 87' lang='lat' dir='ltr'>Galbam</span> <span class='ocrx_word' id='word_1_92' title='bbox 351 1314 605 1387; x_wconf 73' lang='lat' dir='ltr'>accurrunt‘atque</span> <span class='ocrx_word' id='word_1_93' title='bbox 620 1328 708 1369; x_wconf 91' lang='lat' dir='ltr'>unam</span> <span class='ocrx_word' id='word_1_94' title='bbox 725 1328 789 1369; x_wconf 90' lang='lat' dir='ltr'>esse</span> <span class='ocrx_word' id='word_1_95' title='bbox 810 1327 894 1388; x_wconf 89' lang='lat' dir='ltr'>spem</span> <span class='ocrx_word' id='word_1_96' title='bbox 916 1307 1015 1367; x_wconf 90' lang='lat' dir='ltr'>salutis</span> <span class='ocrx_word' id='word_1_97' title='bbox 1033 1307 1148 1377; x_wconf 86' lang='lat' dir='ltr'>docent,</span> <span class='ocrx_word' id='word_1_98' title='bbox 1163 1305 1189 1364; x_wconf 89' lang='lat' dir='ltr'>si</span> <span class='ocrx_word' id='word_1_99' title='bbox 1203 1321 1272 1363; x_wconf 91' lang='lat' dir='ltr'>eru·</span> 
     </span>
    </p>

    <p class='ocr_par' dir='ltr' id='par_1_7' title="bbox 180 1387 1275 1812">
     <span class='ocr_line' id='line_1_14' title="bbox 180 1387 1272 1472; baseline -0.01 -15"><span class='ocrx_word' id='word_1_100' title='bbox 180 1408 195 1457; x_wconf 87' lang='lat'><strong>3</strong></span> <span class='ocrx_word' id='word_1_101' title='bbox 216 1393 317 1472; x_wconf 89' lang='lat' dir='ltr'>ptione</span> <span class='ocrx_word' id='word_1_102' title='bbox 338 1393 410 1453; x_wconf 88' lang='lat' dir='ltr'>lacta</span> <span class='ocrx_word' id='word_1_103' title='bbox 426 1400 587 1454; x_wconf 84' lang='lat' dir='ltr'>extremum</span> <span class='ocrx_word' id='word_1_104' title='bbox 603 1393 740 1455; x_wconf 88' lang='lat' dir='ltr'>auxilium</span> <span class='ocrx_word' id='word_1_105' title='bbox 756 1394 964 1472; x_wconf 85' lang='lat' dir='ltr'>experirentur.</span> <span class='ocrx_word' id='word_1_106' title='bbox 987 1392 1085 1469; x_wconf 86' lang='lat' dir='ltr'>ltaque</span> <span class='ocrx_word' id='word_1_107' title='bbox 1105 1387 1272 1450; x_wconf 91' lang='lat' dir='ltr'>convocatis</span> 
     </span>
     <span class='ocr_line' id='line_1_15' title="bbox 216 1471 1273 1555; baseline -0.006 -17"><span class='ocrx_word' id='word_1_108' title='bbox 216 1476 436 1538; x_wconf 87' lang='lat' dir='ltr'>centurionibus</span> <span class='ocrx_word' id='word_1_109' title='bbox 453 1477 580 1538; x_wconf 86' lang='lat' dir='ltr'>celeriter</span> <span class='ocrx_word' id='word_1_110' title='bbox 595 1479 700 1538; x_wconf 88' lang='lat' dir='ltr'>milites</span> <span class='ocrx_word' id='word_1_111' title='bbox 718 1478 856 1539; x_wconf 88' lang='lat' dir='ltr'>certiores</span> <span class='ocrx_word' id='word_1_112' title='bbox 871 1477 946 1550; x_wconf 85' lang='lat' dir='ltr'>lacit,</span> <span class='ocrx_word' id='word_1_113' title='bbox 966 1476 1113 1555; x_wconf 68' lang='lat' dir='ltr'>{taulisper</span> <span class='ocrx_word' id='word_1_114' title='bbox 1128 1471 1273 1534; x_wconf 89' lang='lat' dir='ltr'>intermit—</span> 
     </span>
     <span class='ocr_line' id='line_1_16' title="bbox 213 1561 1275 1640; baseline -0.006 -18"><span class='ocrx_word' id='word_1_115' title='bbox 213 1569 310 1622; x_wconf 90' lang='lat' dir='ltr'>terent</span> <span class='ocrx_word' id='word_1_116' title='bbox 325 1561 468 1640; x_wconf 90' lang='lat' dir='ltr'>proelium</span> <span class='ocrx_word' id='word_1_117' title='bbox 484 1581 517 1622; x_wconf 88' lang='lat' dir='ltr'>ac</span> <span class='ocrx_word' id='word_1_118' title='bbox 536 1564 741 1623; x_wconf 88' lang='lat' dir='ltr'>tantummodo</span> <span class='ocrx_word' id='word_1_119' title='bbox 762 1564 816 1624; x_wconf 89' lang='lat' dir='ltr'>tela</span> <span class='ocrx_word' id='word_1_120' title='bbox 836 1562 927 1622; x_wconf 86' lang='lat' dir='ltr'>missa</span> <span class='ocrx_word' id='word_1_121' title='bbox 946 1561 1111 1639; x_wconf 86' lang='lat' dir='ltr'>exciperent</span> <span class='ocrx_word' id='word_1_122' title='bbox 1131 1577 1220 1636; x_wconf 89' lang='lat' dir='ltr'>seque</span> <span class='ocrx_word' id='word_1_123' title='bbox 1239 1576 1275 1616; x_wconf 83' lang='lat' dir='ltr'>cx</span> 
     </span>
     <span class='ocr_line' id='line_1_17' title="bbox 214 1646 1275 1726; baseline -0.005 -20"><span class='ocrx_word' id='word_1_124' title='bbox 214 1647 314 1706; x_wconf 87' lang='lat' dir='ltr'>labore</span> <span class='ocrx_word' id='word_1_125' title='bbox 334 1647 496 1719; x_wconf 88' lang='lat' dir='ltr'>reficerent,</span> <span class='ocrx_word' id='word_1_126' title='bbox 522 1656 591 1725; x_wconf 89' lang='lat' dir='ltr'>post</span> <span class='ocrx_word' id='word_1_127' title='bbox 611 1649 679 1708; x_wconf 89' lang='lat' dir='ltr'>dato</span> <span class='ocrx_word' id='word_1_128' title='bbox 701 1648 785 1726; x_wconf 85' lang='lat' dir='ltr'>signo</span> <span class='ocrx_word' id='word_1_129' title='bbox 806 1668 841 1708; x_wconf 87' lang='lat' dir='ltr'>ex</span> <span class='ocrx_word' id='word_1_130' title='bbox 862 1646 964 1708; x_wconf 91' lang='lat' dir='ltr'>castris</span> <span class='ocrx_word' id='word_1_131' title='bbox 984 1651 1171 1724; x_wconf 87' lang='lat' dir='ltr'>erumperent</span> <span class='ocrx_word' id='word_1_132' title='bbox 1189 1650 1275 1720; x_wconf 88' lang='lat' dir='ltr'>atque</span> 
     </span>
     <span class='ocr_line' id='line_1_18' title="bbox 215 1731 886 1812; baseline 0.001 -22"><span class='ocrx_word' id='word_1_133' title='bbox 215 1749 335 1791; x_wconf 91' lang='lat' dir='ltr'>omnem</span> <span class='ocrx_word' id='word_1_134' title='bbox 351 1750 435 1809; x_wconf 86' lang='lat' dir='ltr'>spem</span> <span class='ocrx_word' id='word_1_135' title='bbox 451 1731 552 1792; x_wconf 85' lang='lat' dir='ltr'>salutis</span> <span class='ocrx_word' id='word_1_136' title='bbox 568 1732 598 1792; x_wconf 90' lang='lat' dir='ltr'>in</span> <span class='ocrx_word' id='word_1_137' title='bbox 614 1733 718 1793; x_wconf 87' lang='lat' dir='ltr'>virtute</span> <span class='ocrx_word' id='word_1_138' title='bbox 733 1740 886 1812; x_wconf 89' lang='lat' dir='ltr'>ponerent.</span> 
     </span>
    </p>

    <p class='ocr_par' dir='ltr' id='par_1_8' title="bbox 217 1813 1275 1980">
     <span class='ocr_line' id='line_1_19' title="bbox 302 1813 1274 1892; baseline -0.01 -12"><span class='ocrx_word' id='word_1_139' title='bbox 302 1821 333 1880; x_wconf 91' lang='grc'><strong>6.</strong></span> <span class='ocrx_word' id='word_1_140' title='bbox 358 1816 445 1888; x_wconf 84' lang='lat' dir='ltr'>Quod</span> <span class='ocrx_word' id='word_1_141' title='bbox 461 1816 534 1876; x_wconf 91' lang='lat' dir='ltr'>iussi</span> <span class='ocrx_word' id='word_1_142' title='bbox 550 1826 632 1889; x_wconf 91' lang='lat' dir='ltr'>sunt,</span> <span class='ocrx_word' id='word_1_143' title='bbox 654 1818 763 1878; x_wconf 89' lang='lat' dir='ltr'>laciunt</span> <span class='ocrx_word' id='word_1_144' title='bbox 777 1837 812 1878; x_wconf 90' lang='lat' dir='ltr'>ac</span> <span class='ocrx_word' id='word_1_145' title='bbox 826 1815 923 1878; x_wconf 93' lang='lat' dir='ltr'>subito</span> <span class='ocrx_word' id='word_1_146' title='bbox 940 1813 1078 1875; x_wconf 91' lang='lat' dir='ltr'>omnibus</span> <span class='ocrx_word' id='word_1_147' title='bbox 1094 1813 1189 1892; x_wconf 90' lang='lat' dir='ltr'>portis</span> <span class='ocrx_word' id='word_1_148' title='bbox 1204 1829 1274 1871; x_wconf 93' lang='lat' dir='ltr'>eru-</span> 
     </span>
     <span class='ocr_line' id='line_1_20' title="bbox 217 1895 1275 1980; baseline -0.003 -22"><span class='ocrx_word' id='word_1_149' title='bbox 217 1900 320 1978; x_wconf 92' lang='lat' dir='ltr'>ptione</span> <span class='ocrx_word' id='word_1_150' title='bbox 335 1901 409 1961; x_wconf 86' lang='lat' dir='ltr'>lacta</span> <span class='ocrx_word' id='word_1_151' title='bbox 424 1919 518 1979; x_wconf 84' lang='lat' dir='ltr'>neque</span> <span class='ocrx_word' id='word_1_152' title='bbox 534 1902 740 1980; x_wconf 84' lang='lat' dir='ltr'>cognoscendi,</span> <span class='ocrx_word' id='word_1_153' title='bbox 761 1902 830 1980; x_wconf 87' lang='lat' dir='ltr'>quid</span> <span class='ocrx_word' id='word_1_154' title='bbox 845 1903 935 1972; x_wconf 85' lang='lat' dir='ltr'>fieret,</span> <span class='ocrx_word' id='word_1_155' title='bbox 950 1918 1044 1978; x_wconf 83' lang='lat' dir='ltr'>neque</span> <span class='ocrx_word' id='word_1_156' title='bbox 1059 1898 1104 1958; x_wconf 87' lang='lat' dir='ltr'>sui</span> <span class='ocrx_word' id='word_1_157' title='bbox 1120 1895 1275 1974; x_wconf 82' lang='lat' dir='ltr'>colligendi</span> 
     </span>
    </p>

    <p class='ocr_par' dir='ltr' id='par_1_9' title="bbox 179 1979 1276 2234">
     <span class='ocr_line' id='line_1_21' title="bbox 179 1979 1275 2065; baseline -0.003 -22"><span class='ocrx_word' id='word_1_158' title='bbox 179 1993 194 2043; x_wconf 79' lang='lat'>2</span> <span class='ocrx_word' id='word_1_159' title='bbox 215 1984 351 2044; x_wconf 85' lang='lat' dir='ltr'>hostibus</span> <span class='ocrx_word' id='word_1_160' title='bbox 366 1985 529 2045; x_wconf 80' lang='lat' dir='ltr'>lacrdtatem</span> <span class='ocrx_word' id='word_1_161' title='bbox 549 1987 725 2065; x_wconf 90' lang='lat' dir='ltr'>relinquunt.</span> <span class='ocrx_word' id='word_1_162' title='bbox 752 1987 798 2047; x_wconf 87' lang='lat' dir='ltr'>lta</span> <span class='ocrx_word' id='word_1_163' title='bbox 815 1991 992 2046; x_wconf 91' lang='lat' dir='ltr'>commutata</span> <span class='ocrx_word' id='word_1_164' title='bbox 1008 1985 1125 2044; x_wconf 88' lang='lat' dir='ltr'>iortuna</span> <span class='ocrx_word' id='word_1_165' title='bbox 1140 2000 1205 2054; x_wconf 87' lang='lat' dir='ltr'>eos,</span> <span class='ocrx_word' id='word_1_166' title='bbox 1225 1979 1275 2060; x_wconf 89' lang='lat' dir='ltr'>qui</span> 
     </span>
     <span class='ocr_line' id='line_1_22' title="bbox 215 2068 1275 2148; baseline -0.003 -20"><span class='ocrx_word' id='word_1_167' title='bbox 215 2069 247 2128; x_wconf 91' lang='lat' dir='ltr'>in</span> <span class='ocrx_word' id='word_1_168' title='bbox 263 2088 346 2148; x_wconf 92' lang='lat' dir='ltr'>spem</span> <span class='ocrx_word' id='word_1_169' title='bbox 361 2069 574 2148; x_wconf 88' lang='lat' dir='ltr'>potiundorum</span> <span class='ocrx_word' id='word_1_170' title='bbox 586 2079 750 2132; x_wconf 90' lang='lat' dir='ltr'>castrorum</span> <span class='ocrx_word' id='word_1_171' title='bbox 762 2077 907 2143; x_wconf 85' lang='lat' dir='ltr'>venerant,</span> <span class='ocrx_word' id='word_1_172' title='bbox 922 2069 1050 2148; x_wconf 86' lang='lat' dir='ltr'>undiquc</span> <span class='ocrx_word' id='word_1_173' title='bbox 1061 2068 1275 2128; x_wconf 88' lang='lat' dir='ltr'>circumventos</span> 
     </span>
     <span class='ocr_line' id='line_1_23' title="bbox 215 2153 1276 2234; baseline -0.004 -20"><span class='ocrx_word' id='word_1_174' title='bbox 215 2153 392 2214; x_wconf 85' lang='lat' dir='ltr'>interficiunt</span> <span class='ocrx_word' id='word_1_175' title='bbox 407 2162 435 2214; x_wconf 89' lang='lat' dir='ltr'>et</span> <span class='ocrx_word' id='word_1_176' title='bbox 449 2174 484 2214; x_wconf 83' lang='lat' dir='ltr'>en</span> <span class='ocrx_word' id='word_1_177' title='bbox 498 2154 651 2216; x_wconf 91' lang='lat' dir='ltr'>hominum</span> <span class='ocrx_word' id='word_1_178' title='bbox 668 2155 786 2216; x_wconf 88' lang='lat' dir='ltr'>milibus</span> <span class='ocrx_word' id='word_1_179' title='bbox 801 2154 925 2234; x_wconf 89' lang='lat' dir='ltr'>amplius</span> <span class='ocrx_word' id='word_1_180' title='bbox 937 2172 1003 2228; x_wconf 81' lang='lat' dir='ltr'>xxx,</span> <span class='ocrx_word' id='word_1_181' title='bbox 1018 2172 1104 2232; x_wconf 85' lang='lat' dir='ltr'>quem</span> <span class='ocrx_word' id='word_1_182' title='bbox 1118 2168 1276 2212; x_wconf 88' lang='lat' dir='ltr'>numerum</span> 
     </span>
    </p>
   </div>
   <div class='ocr_carea' id='block_1_6' title="bbox 206 2321 719 4001">
    <p class='ocr_par' dir='ltr' id='par_1_10' title="bbox 215 2321 719 2441">
     <span class='ocr_line' id='line_1_24' title="bbox 216 2321 719 2385; baseline 0.004 -15"><span class='ocrx_word' id='word_1_183' title='bbox 216 2322 366 2385; x_wconf 80' lang='lat' dir='ltr'>schreibung</span> <span class='ocrx_word' id='word_1_184' title='bbox 382 2323 452 2373; x_wconf 88' lang='lat' dir='ltr'>eines</span> <span class='ocrx_word' id='word_1_185' title='bbox 467 2321 583 2372; x_wconf 83' lang='lat' dir='ltr'>Pronum.</span> <span class='ocrx_word' id='word_1_186' title='bbox 600 2323 633 2373; x_wconf 85' lang='lat' dir='ltr'>im</span> <span class='ocrx_word' id='word_1_187' title='bbox 649 2323 719 2374; x_wconf 88' lang='lat' dir='ltr'>Neu-</span> 
     </span>
     <span class='ocr_line' id='line_1_25' title="bbox 215 2390 656 2441; baseline 0.002 -2"><span class='ocrx_word' id='word_1_188' title='bbox 215 2396 282 2439; x_wconf 87' lang='lat' dir='ltr'>trum</span> <span class='ocrx_word' id='word_1_189' title='bbox 294 2391 371 2439; x_wconf 91' lang='lat' dir='ltr'>dureh</span> <span class='ocrx_word' id='word_1_190' title='bbox 383 2406 427 2440; x_wconf 85' lang='lat' dir='ltr'>res</span> <span class='ocrx_word' id='word_1_191' title='bbox 438 2390 573 2440; x_wconf 87' lang='lat' dir='ltr'>erkliirlich</span> <span class='ocrx_word' id='word_1_192' title='bbox 584 2391 656 2441; x_wconf 90' lang='lat' dir='ltr'>wird.</span> 
     </span>
    </p>

    <p class='ocr_par' dir='ltr' id='par_1_11' title="bbox 212 2457 719 2992">
     <span class='ocr_line' id='line_1_26' title="bbox 249 2457 718 2524; baseline 0.009 -19"><span class='ocrx_word' id='word_1_193' title='bbox 249 2457 274 2506; x_wconf 85' lang='grc'><strong>4.</strong></span> <span class='ocrx_word' id='word_1_194' title='bbox 292 2473 343 2508; x_wconf 83' lang='lat' dir='ltr'>non</span> <span class='ocrx_word' id='word_1_195' title='bbox 359 2458 435 2509; x_wconf 84' lang='lat' dir='ltr'>modo</span> <span class='ocrx_word' id='word_1_196' title='bbox 452 2459 549 2508; x_wconf 85' lang='lat' dir='ltr'>-sed</span> <span class='ocrx_word' id='word_1_197' title='bbox 565 2475 598 2508; x_wconf 82' lang='lat' dir='ltr'>nc</span> <span class='ocrx_word' id='word_1_198' title='bbox 609 2459 718 2524; x_wconf 68' lang='lat' dir='ltr'>quietern.</span> 
     </span>
     <span class='ocr_line' id='line_1_27' title="bbox 214 2524 718 2591; baseline 0.006 -17"><span class='ocrx_word' id='word_1_199' title='bbox 214 2524 261 2574; x_wconf 85' lang='lat' dir='ltr'>llic</span> <span class='ocrx_word' id='word_1_200' title='bbox 278 2525 301 2574; x_wconf 92' lang='lat' dir='ltr'>in</span> <span class='ocrx_word' id='word_1_201' title='bbox 315 2525 620 2591; x_wconf 63' lang='lat' dir='ltr'>nc—qccidem&#39;liegendc</span> <span class='ocrx_word' id='word_1_202' title='bbox 633 2527 718 2590; x_wconf 79' lang='lat' dir='ltr'>Nega-</span> 
     </span>
     <span class='ocr_line' id='line_1_28' title="bbox 213 2592 717 2659; baseline 0.006 -18"><span class='ocrx_word' id='word_1_203' title='bbox 213 2593 267 2642; x_wconf 89' lang='lat' dir='ltr'>tion</span> <span class='ocrx_word' id='word_1_204' title='bbox 285 2593 348 2642; x_wconf 88' lang='lat' dir='ltr'>wird</span> <span class='ocrx_word' id='word_1_205' title='bbox 365 2593 411 2643; x_wconf 86' lang='lat' dir='ltr'>aul</span> <span class='ocrx_word' id='word_1_206' title='bbox 429 2595 474 2644; x_wconf 88' lang='lat' dir='ltr'>das</span> <span class='ocrx_word' id='word_1_207' title='bbox 491 2592 577 2644; x_wconf 88' lang='lat' dir='ltr'>Ganze</span> <span class='ocrx_word' id='word_1_208' title='bbox 595 2594 717 2659; x_wconf 86' lang='lat' dir='ltr'>bezogcn,</span> 
     </span>
     <span class='ocr_line' id='line_1_29' title="bbox 214 2660 718 2712; baseline 0.006 -3"><span class='ocrx_word' id='word_1_209' title='bbox 214 2676 244 2709; x_wconf 92' lang='lat' dir='ltr'>so</span> <span class='ocrx_word' id='word_1_210' title='bbox 257 2661 315 2710; x_wconf 87' lang='lat' dir='ltr'>dass</span> <span class='ocrx_word' id='word_1_211' title='bbox 327 2661 360 2710; x_wconf 92' lang='lat' dir='ltr'>im</span> <span class='ocrx_word' id='word_1_212' title='bbox 377 2669 463 2711; x_wconf 86' lang='lat' dir='ltr'>ersten</span> <span class='ocrx_word' id='word_1_213' title='bbox 477 2660 566 2712; x_wconf 88' lang='lat' dir='ltr'>Gliede</span> <span class='ocrx_word' id='word_1_214' title='bbox 583 2662 651 2712; x_wconf 88' lang='lat' dir='ltr'>nicht</span> <span class='ocrx_word' id='word_1_215' title='bbox 666 2679 718 2712; x_wconf 78' lang='lat' dir='ltr'>aon</span> 
     </span>
     <span class='ocr_line' id='line_1_30' title="bbox 212 2727 717 2792; baseline 0.004 -14"><span class='ocrx_word' id='word_1_216' title='bbox 212 2727 290 2778; x_wconf 85' lang='lat' dir='ltr'>modo</span> <span class='ocrx_word' id='word_1_217' title='bbox 303 2744 354 2778; x_wconf 82' lang='lat' dir='ltr'>non</span> <span class='ocrx_word' id='word_1_218' title='bbox 371 2736 473 2792; x_wconf 85' lang='lat' dir='ltr'>gesetzt</span> <span class='ocrx_word' id='word_1_219' title='bbox 487 2731 564 2792; x_wconf 87' lang='lat' dir='ltr'>wird,</span> <span class='ocrx_word' id='word_1_220' title='bbox 581 2746 655 2779; x_wconf 83' lang='lat' dir='ltr'>wenc</span> <span class='ocrx_word' id='word_1_221' title='bbox 673 2731 717 2780; x_wconf 87' lang='lat' dir='ltr'>das</span> 
     </span>
     <span class='ocr_line' id='line_1_31' title="bbox 214 2795 719 2860; baseline -0.002 -12"><span class='ocrx_word' id='word_1_222' title='bbox 214 2796 292 2848; x_wconf 91' lang='lat' dir='ltr'>Vcrb.</span> <span class='ocrx_word' id='word_1_223' title='bbox 302 2795 390 2845; x_wconf 86' lang='lat' dir='ltr'>beiden</span> <span class='ocrx_word' id='word_1_224' title='bbox 398 2795 517 2847; x_wconf 89' lang='lat' dir='ltr'>Glicdern</span> <span class='ocrx_word' id='word_1_225' title='bbox 527 2798 719 2860; x_wconf 78' lang='lat' dir='ltr'>gemeinschaft-</span> 
     </span>
     <span class='ocr_line' id='line_1_32' title="bbox 213 2863 719 2915; baseline 0 -1"><span class='ocrx_word' id='word_1_226' title='bbox 213 2864 263 2914; x_wconf 90' lang='lat' dir='ltr'>lich</span> <span class='ocrx_word' id='word_1_227' title='bbox 279 2863 314 2914; x_wconf 92' lang='lat' dir='ltr'>ist</span> <span class='ocrx_word' id='word_1_228' title='bbox 329 2864 378 2913; x_wconf 88' lang='lat' dir='ltr'>und</span> <span class='ocrx_word' id='word_1_229' title='bbox 395 2864 460 2914; x_wconf 86' lang='lat' dir='ltr'>heinr</span> <span class='ocrx_word' id='word_1_230' title='bbox 477 2865 574 2914; x_wconf 88' lang='lat' dir='ltr'>letzten</span> <span class='ocrx_word' id='word_1_231' title='bbox 591 2867 666 2915; x_wconf 87' lang='lat' dir='ltr'>steht.</span> <span class='ocrx_word' id='word_1_232' title='bbox 683 2892 719 2901; x_wconf 94' lang='lat'>—</span> 
     </span>
     <span class='ocr_line' id='line_1_33' title="bbox 214 2930 515 2992; baseline -0.013 -9"><span class='ocrx_word' id='word_1_233' title='bbox 214 2930 515 2992; x_wconf 61' lang='lat' dir='ltr'>roccamartina.</span> 
     </span>
    </p>

    <p class='ocr_par' dir='ltr' id='par_1_12' title="bbox 206 2997 718 3661">
     <span class='ocr_line' id='line_1_34' title="bbox 271 2997 717 3050; baseline 0.011 -5"><span class='ocrx_word' id='word_1_234' title='bbox 271 3026 280 3045; x_wconf 95' lang='grc'><strong>.</strong></span> <span class='ocrx_word' id='word_1_235' title='bbox 301 2998 323 3047; x_wconf 91' lang='lat' dir='ltr'>l.</span> <span class='ocrx_word' id='word_1_236' title='bbox 335 2997 430 3048; x_wconf 85' lang='lat' dir='ltr'>callum</span> <span class='ocrx_word' id='word_1_237' title='bbox 441 2998 571 3049; x_wconf 65' lang='lat' dir='ltr'>caedere:</span> <span class='ocrx_word' id='word_1_238' title='bbox 586 2999 633 3047; x_wconf 90' lang='lat' dir='ltr'>den</span> <span class='ocrx_word' id='word_1_239' title='bbox 645 2998 717 3050; x_wconf 93' lang='lat' dir='ltr'>Wall</span> 
     </span>
     <span class='ocr_line' id='line_1_35' title="bbox 214 3064 717 3117; baseline 0.002 -2"><span class='ocrx_word' id='word_1_240' title='bbox 214 3065 291 3115; x_wconf 81' lang='lat' dir='ltr'>durch</span> <span class='ocrx_word' id='word_1_241' title='bbox 320 3064 473 3115; x_wconf 82' lang='lat' dir='ltr'>Ausreisscn</span> <span class='ocrx_word' id='word_1_242' title='bbox 502 3067 548 3115; x_wconf 89' lang='lat' dir='ltr'>der</span> <span class='ocrx_word' id='word_1_243' title='bbox 575 3065 717 3117; x_wconf 88' lang='lat' dir='ltr'>Pallisadcn</span> 
     </span>
     <span class='ocr_line' id='line_1_36' title="bbox 216 3131 717 3195; baseline 0.002 -12"><span class='ocrx_word' id='word_1_244' title='bbox 216 3132 299 3195; x_wconf 67' lang='lat' dir='ltr'>(cam)</span> <span class='ocrx_word' id='word_1_245' title='bbox 318 3131 459 3182; x_wconf 85' lang='lat' dir='ltr'>aulrcisscn</span> <span class='ocrx_word' id='word_1_246' title='bbox 476 3135 526 3183; x_wconf 92' lang='lat' dir='ltr'>und</span> <span class='ocrx_word' id='word_1_247' title='bbox 542 3134 650 3183; x_wconf 82' lang='lat' dir='ltr'>dadurch</span> <span class='ocrx_word' id='word_1_248' title='bbox 669 3135 717 3184; x_wconf 91' lang='lat' dir='ltr'>den</span> 
     </span>
     <span class='ocr_line' id='line_1_37' title="bbox 214 3199 716 3264; baseline 0.004 -14"><span class='ocrx_word' id='word_1_249' title='bbox 214 3199 320 3264; x_wconf 79' lang='lat' dir='ltr'>Zugang</span> <span class='ocrx_word' id='word_1_250' title='bbox 332 3199 424 3249; x_wconf 81' lang='lat' dir='ltr'>dffnen.</span> <span class='ocrx_word' id='word_1_251' title='bbox 447 3201 471 3249; x_wconf 84' lang='lat'>5.</span> <span class='ocrx_word' id='word_1_252' title='bbox 485 3200 529 3263; x_wconf 83' lang='lat'>51,</span> <span class='ocrx_word' id='word_1_253' title='bbox 544 3199 567 3250; x_wconf 88' lang='grc'>3.</span> <span class='ocrx_word' id='word_1_254' title='bbox 591 3201 616 3251; x_wconf 80' lang='grc'><strong>7.</strong></span> <span class='ocrx_word' id='word_1_255' title='bbox 629 3201 674 3264; x_wconf 84' lang='grc'>86,</span> <span class='ocrx_word' id='word_1_256' title='bbox 688 3202 716 3252; x_wconf 88' lang='lat'>5:</span> 
     </span>
     <span class='ocr_line' id='line_1_38' title="bbox 206 3267 718 3338; baseline 0.004 -20"><span class='ocrx_word' id='word_1_257' title='bbox 206 3268 324 3335; x_wconf 78' lang='lat' dir='ltr'>falcibus</span> <span class='ocrx_word' id='word_1_258' title='bbox 340 3267 434 3318; x_wconf 77' lang='lat' dir='ltr'>endum</span> <span class='ocrx_word' id='word_1_259' title='bbox 454 3283 484 3318; x_wconf 87' lang='lat' dir='ltr'>ac</span> <span class='ocrx_word' id='word_1_260' title='bbox 500 3268 612 3338; x_wconf 75' lang='lat' dir='ltr'>loricam¹</span> <span class='ocrx_word' id='word_1_261' title='bbox 623 3273 718 3320; x_wconf 71' lang='lat' dir='ltr'>restin-</span> 
     </span>
     <span class='ocr_line' id='line_1_39' title="bbox 214 3335 717 3388; baseline 0 0"><span class='ocrx_word' id='word_1_262' title='bbox 214 3337 287 3388; x_wconf 84' lang='lat' dir='ltr'>dnnt.</span> <span class='ocrx_word' id='word_1_263' title='bbox 303 3363 337 3372; x_wconf 90' lang='lat'><em>—</em></span> <span class='ocrx_word' id='word_1_264' title='bbox 351 3335 387 3386; x_wconf 85' lang='lat' dir='ltr'>ad</span> <span class='ocrx_word' id='word_1_265' title='bbox 399 3339 546 3386; x_wconf 74' lang='lat' dir='ltr'>eetremum</span> <span class='ocrx_word' id='word_1_266' title='bbox 558 3352 660 3387; x_wconf 82' lang='lat' dir='ltr'>casum:</span> <span class='ocrx_word' id='word_1_267' title='bbox 678 3338 717 3388; x_wconf 89' lang='lat' dir='ltr'>bis</span> 
     </span>
     <span class='ocr_line' id='line_1_40' title="bbox 213 3403 717 3468; baseline 0 -13"><span class='ocrx_word' id='word_1_268' title='bbox 213 3421 271 3455; x_wconf 85' lang='lat' dir='ltr'>zum</span> <span class='ocrx_word' id='word_1_269' title='bbox 283 3405 429 3454; x_wconf 79' lang='lat' dir='ltr'>&#39;ainsserstcn</span> <span class='ocrx_word' id='word_1_270' title='bbox 443 3403 510 3468; x_wconf 83' lang='lat' dir='ltr'>Fall,</span> <span class='ocrx_word' id='word_1_271' title='bbox 524 3405 578 3453; x_wconf 91' lang='lat' dir='ltr'>dem</span> <span class='ocrx_word' id='word_1_272' title='bbox 589 3405 717 3455; x_wconf 72' lang='lat' dir='ltr'>deusser-</span> 
     </span>
     <span class='ocr_line' id='line_1_41' title="bbox 214 3472 716 3536; baseline -0.004 -12"><span class='ocrx_word' id='word_1_273' title='bbox 214 3481 280 3536; x_wconf 87' lang='lat' dir='ltr'>sten,</span> <span class='ocrx_word' id='word_1_274' title='bbox 293 3489 344 3523; x_wconf 85' lang='lat' dir='ltr'>was</span> <span class='ocrx_word' id='word_1_275' title='bbox 356 3472 403 3522; x_wconf 86' lang='lat' dir='ltr'>den</span> <span class='ocrx_word' id='word_1_276' title='bbox 413 3472 563 3536; x_wconf 73' lang='lat' dir='ltr'>Belagertcn</span> <span class='ocrx_word' id='word_1_277' title='bbox 576 3473 716 3536; x_wconf 80' lang='lat' dir='ltr'>gcscbehen</span> 
     </span>
     <span class='ocr_line' id='line_1_42' title="bbox 213 3539 716 3605; baseline 0 -14"><span class='ocrx_word' id='word_1_278' title='bbox 213 3542 292 3605; x_wconf 81' lang='lat' dir='ltr'>kann,</span> <span class='ocrx_word' id='word_1_279' title='bbox 305 3557 334 3591; x_wconf 90' lang='lat' dir='ltr'>so</span> <span class='ocrx_word' id='word_1_280' title='bbox 347 3541 405 3590; x_wconf 86' lang='lat' dir='ltr'>dass</span> <span class='ocrx_word' id='word_1_281' title='bbox 418 3540 457 3591; x_wconf 86' lang='lat' dir='ltr'>die</span> <span class='ocrx_word' id='word_1_282' title='bbox 471 3539 620 3604; x_wconf 81' lang='lat' dir='ltr'>Eroberung</span> <span class='ocrx_word' id='word_1_283' title='bbox 631 3540 716 3604; x_wconf 80' lang='lat' dir='ltr'>tolgan</span> 
     </span>
     <span class='ocr_line' id='line_1_43' title="bbox 213 3627 291 3661; baseline 0.013 -1"><span class='ocrx_word' id='word_1_284' title='bbox 213 3627 291 3661; x_wconf 86' lang='lat' dir='ltr'>mass.</span> 
     </span>
    </p>

    <p class='ocr_par' dir='ltr' id='par_1_13' title="bbox 248 3676 548 3741">
     <span class='ocr_line' id='line_1_44' title="bbox 248 3676 548 3741; baseline 0 -14"><span class='ocrx_word' id='word_1_285' title='bbox 248 3678 274 3728; x_wconf 83' lang='lat'>2.</span> <span class='ocrx_word' id='word_1_286' title='bbox 292 3679 420 3730; x_wconf 70' lang='lat' dir='ltr'>diminuat</span> <span class='ocrx_word' id='word_1_287' title='bbox 431 3677 456 3728; x_wconf 82' lang='lat'>2.</span> <span class='ocrx_word' id='word_1_288' title='bbox 469 3677 510 3741; x_wconf 87' lang='grc'>25,</span> <span class='ocrx_word' id='word_1_289' title='bbox 526 3676 548 3727; x_wconf 94' lang='lat' dir='ltr'>l.</span> 
     </span>
    </p>

    <p class='ocr_par' dir='ltr' id='par_1_14' title="bbox 212 3746 717 4001">
     <span class='ocr_line' id='line_1_45' title="bbox 248 3746 716 3812; baseline 0 -18"><span class='ocrx_word' id='word_1_290' title='bbox 248 3746 273 3797; x_wconf 83' lang='lat'>3.</span> <span class='ocrx_word' id='word_1_291' title='bbox 291 3751 415 3798; x_wconf 80' lang='lat' dir='ltr'>certiores</span> <span class='ocrx_word' id='word_1_292' title='bbox 425 3747 498 3812; x_wconf 84' lang='lat' dir='ltr'>facit</span> <span class='ocrx_word' id='word_1_293' title='bbox 514 3773 547 3782; x_wconf 85' lang='lat'><em>-</em></span> <span class='ocrx_word' id='word_1_294' title='bbox 563 3747 716 3796; x_wconf 69' lang='lat' dir='ltr'>arcemare-</span> 
     </span>
     <span class='ocr_line' id='line_1_46' title="bbox 214 3812 716 3866; baseline -0.006 -1"><span class='ocrx_word' id='word_1_295' title='bbox 214 3819 284 3866; x_wconf 83' lang='lat' dir='ltr'>rcnt:</span> <span class='ocrx_word' id='word_1_296' title='bbox 301 3816 350 3864; x_wconf 88' lang='lat' dir='ltr'>wie</span> <span class='ocrx_word' id='word_1_297' title='bbox 361 3815 421 3864; x_wconf 85' lang='lat' dir='ltr'>wir:</span> <span class='ocrx_word' id='word_1_298' title='bbox 440 3830 468 3864; x_wconf 93' lang='lat' dir='ltr'>cs</span> <span class='ocrx_word' id='word_1_299' title='bbox 484 3814 571 3863; x_wconf 84' lang='lat' dir='ltr'>warde</span> <span class='ocrx_word' id='word_1_300' title='bbox 584 3814 657 3863; x_wconf 92' lang='lat' dir='ltr'>ihnen</span> <span class='ocrx_word' id='word_1_301' title='bbox 671 3812 716 3862; x_wconf 91' lang='lat' dir='ltr'>be-</span> 
     </span>
     <span class='ocr_line' id='line_1_47' title="bbox 212 3882 717 3946; baseline -0.004 -14"><span class='ocrx_word' id='word_1_302' title='bbox 212 3883 291 3932; x_wconf 82' lang='lat' dir='ltr'>kannt</span> <span class='ocrx_word' id='word_1_303' title='bbox 307 3883 433 3946; x_wconf 80' lang='lat' dir='ltr'>gemacht,</span> <span class='ocrx_word' id='word_1_304' title='bbox 452 3883 489 3932; x_wconf 92' lang='lat' dir='ltr'>sie</span> <span class='ocrx_word' id='word_1_305' title='bbox 508 3882 601 3933; x_wconf 87' lang='lat' dir='ltr'>sollten</span> <span class='ocrx_word' id='word_1_306' title='bbox 618 3897 665 3943; x_wconf 81' lang='lat'>-3</span> <span class='ocrx_word' id='word_1_307' title='bbox 687 3897 717 3930; x_wconf 88' lang='lat' dir='ltr'>er</span> 
     </span>
     <span class='ocr_line' id='line_1_48' title="bbox 213 3948 716 4001; baseline -0.004 -1"><span class='ocrx_word' id='word_1_308' title='bbox 213 3950 280 4000; x_wconf 82' lang='lat' dir='ltr'>liisst</span> <span class='ocrx_word' id='word_1_309' title='bbox 291 3950 365 3999; x_wconf 87' lang='lat' dir='ltr'>ihucn</span> <span class='ocrx_word' id='word_1_310' title='bbox 386 3950 425 4000; x_wconf 89' lang='lat' dir='ltr'>die</span> <span class='ocrx_word' id='word_1_311' title='bbox 441 3948 576 4001; x_wconf 87' lang='lat' dir='ltr'>Nachrlcht</span> <span class='ocrx_word' id='word_1_312' title='bbox 592 3965 643 4001; x_wconf 87' lang='lat' dir='ltr'>von</span> <span class='ocrx_word' id='word_1_313' title='bbox 660 3950 716 4000; x_wconf 86' lang='lat' dir='ltr'>dem</span> 
     </span>
    </p>
   </div>
   <div class='ocr_carea' id='block_1_7' title="bbox 770 2319 1277 4012">
    <p class='ocr_par' dir='ltr' id='par_1_15' title="bbox 771 2319 1276 2796">
     <span class='ocr_line' id='line_1_49' title="bbox 773 2319 1275 2376; baseline -0.01 -4"><span class='ocrx_word' id='word_1_314' title='bbox 773 2323 907 2373; x_wconf 87' lang='lat' dir='ltr'>Beschluss</span> <span class='ocrx_word' id='word_1_315' title='bbox 920 2322 969 2372; x_wconf 90' lang='lat' dir='ltr'>und</span> <span class='ocrx_word' id='word_1_316' title='bbox 982 2323 1057 2376; x_wconf 85' lang='lat' dir='ltr'>sumit</span> <span class='ocrx_word' id='word_1_317' title='bbox 1070 2323 1117 2370; x_wconf 91' lang='lat' dir='ltr'>den</span> <span class='ocrx_word' id='word_1_318' title='bbox 1130 2319 1217 2369; x_wconf 81' lang='lat' dir='ltr'>Refehl</span> <span class='ocrx_word' id='word_1_319' title='bbox 1229 2335 1275 2368; x_wconf 89' lang='lat' dir='ltr'>zu-</span> 
     </span>
     <span class='ocr_line' id='line_1_50' title="bbox 773 2387 1276 2454; baseline -0.01 -14"><span class='ocrx_word' id='word_1_320' title='bbox 773 2391 896 2454; x_wconf 80' lang='lat' dir='ltr'>koanmen,</span> <span class='ocrx_word' id='word_1_321' title='bbox 907 2390 1014 2440; x_wconf 87' lang='lat' dir='ltr'>darnach</span> <span class='ocrx_word' id='word_1_322' title='bbox 1024 2405 1056 2438; x_wconf 84' lang='lat' dir='ltr'>zu</span> <span class='ocrx_word' id='word_1_323' title='bbox 1065 2389 1184 2448; x_wconf 80' lang='lat' dir='ltr'>handeln3</span> <span class='ocrx_word' id='word_1_324' title='bbox 1198 2387 1276 2436; x_wconf 86' lang='lat' dir='ltr'>daher</span> 
     </span>
     <span class='ocr_line' id='line_1_51' title="bbox 774 2455 1276 2518; baseline -0.01 -10"><span class='ocrx_word' id='word_1_325' title='bbox 774 2459 913 2509; x_wconf 84' lang='lat' dir='ltr'>constmirt</span> <span class='ocrx_word' id='word_1_326' title='bbox 936 2458 984 2506; x_wconf 90' lang='lat' dir='ltr'>wic</span> <span class='ocrx_word' id='word_1_327' title='bbox 1007 2457 1143 2518; x_wconf 79' lang='lat' dir='ltr'>marodare,</span> <span class='ocrx_word' id='word_1_328' title='bbox 1166 2455 1276 2504; x_wconf 78' lang='lat' dir='ltr'>hortari.</span> 
     </span>
     <span class='ocr_line' id='line_1_52' title="bbox 773 2524 1275 2589; baseline -0.008 -14"><span class='ocrx_word' id='word_1_329' title='bbox 773 2526 798 2576; x_wconf 82' lang='lat'>5.</span> <span class='ocrx_word' id='word_1_330' title='bbox 815 2525 860 2589; x_wconf 87' lang='grc'>36,</span> <span class='ocrx_word' id='word_1_331' title='bbox 878 2526 906 2575; x_wconf 87' lang='lat'>4:</span> <span class='ocrx_word' id='word_1_332' title='bbox 928 2539 987 2575; x_wconf 81' lang='lat' dir='ltr'>curn</span> <span class='ocrx_word' id='word_1_333' title='bbox 1005 2524 1080 2574; x_wconf 85' lang='lat' dir='ltr'>Cotta</span> <span class='ocrx_word' id='word_1_334' title='bbox 1099 2525 1275 2587; x_wconf 79' lang='lat' dir='ltr'>communicat,</span> 
     </span>
     <span class='ocr_line' id='line_1_53' title="bbox 772 2589 1275 2654; baseline -0.01 -9"><span class='ocrx_word' id='word_1_335' title='bbox 772 2599 804 2644; x_wconf 83' lang='lat' dir='ltr'>ut</span> <span class='ocrx_word' id='word_1_336' title='bbox 814 2594 951 2644; x_wconf 70' lang='lat' dir='ltr'>accederat.</span> <span class='ocrx_word' id='word_1_337' title='bbox 963 2593 990 2642; x_wconf 85' lang='lat' dir='ltr'>B.</span> <span class='ocrx_word' id='word_1_338' title='bbox 1004 2592 1031 2641; x_wconf 86' lang='lat' dir='ltr'>C.</span> <span class='ocrx_word' id='word_1_339' title='bbox 1047 2591 1068 2641; x_wconf 95' lang='lat' dir='ltr'>l.</span> <span class='ocrx_word' id='word_1_340' title='bbox 1082 2590 1123 2654; x_wconf 86' lang='grc'>64,</span> <span class='ocrx_word' id='word_1_341' title='bbox 1137 2589 1163 2639; x_wconf 87' lang='lat'>3:</span> <span class='ocrx_word' id='word_1_342' title='bbox 1177 2594 1207 2641; x_wconf 83' lang='lat' dir='ltr'>ut</span> <span class='ocrx_word' id='word_1_343' title='bbox 1218 2603 1275 2640; x_wconf 85' lang='lat' dir='ltr'>cer·-</span> 
     </span>
     <span class='ocr_line' id='line_1_54' title="bbox 772 2659 1275 2727; baseline -0.014 -14"><span class='ocrx_word' id='word_1_344' title='bbox 772 2666 824 2712; x_wconf 81' lang='lat' dir='ltr'>tz&#39;or</span> <span class='ocrx_word' id='word_1_345' title='bbox 832 2663 924 2727; x_wconf 81' lang='lat' dir='ltr'>fieret,</span> <span class='ocrx_word' id='word_1_346' title='bbox 946 2677 978 2710; x_wconf 84' lang='lat' dir='ltr'>nc</span> <span class='ocrx_word' id='word_1_347' title='bbox 989 2659 1074 2710; x_wconf 64' lang='lat' dir='ltr'>labori</span> <span class='ocrx_word' id='word_1_348' title='bbox 1085 2674 1133 2708; x_wconf 79' lang='lat' dir='ltr'>suo</span> <span class='ocrx_word' id='word_1_349' title='bbox 1146 2660 1275 2725; x_wconf 82' lang='lat' dir='ltr'>parceret.</span> 
     </span>
     <span class='ocr_line' id='line_1_55' title="bbox 771 2725 1274 2796; baseline -0.008 -18"><span class='ocrx_word' id='word_1_350' title='bbox 771 2729 872 2779; x_wconf 87' lang='lat' dir='ltr'>Ebenso</span> <span class='ocrx_word' id='word_1_351' title='bbox 882 2730 981 2796; x_wconf 76' lang='lat' dir='ltr'>legatos</span> <span class='ocrx_word' id='word_1_352' title='bbox 993 2731 1101 2792; x_wconf 83' lang='lat' dir='ltr'>mittere,</span> <span class='ocrx_word' id='word_1_353' title='bbox 1115 2729 1146 2776; x_wconf 86' lang='lat' dir='ltr'>ut</span> <span class='ocrx_word' id='word_1_354' title='bbox 1157 2741 1182 2774; x_wconf 90' lang='lat' dir='ltr'>u.</span> <span class='ocrx_word' id='word_1_355' title='bbox 1192 2725 1274 2787; x_wconf 77' lang='lat' dir='ltr'>dergl.</span> 
     </span>
    </p>

    <p class='ocr_par' dir='ltr' id='par_1_16' title="bbox 770 2787 1277 3874">
     <span class='ocr_line' id='line_1_56' title="bbox 807 2787 1274 2860; baseline -0.011 -14"><span class='ocrx_word' id='word_1_356' title='bbox 807 2787 837 2846; x_wconf 82' lang='grc'><strong>6.</strong></span> <span class='ocrx_word' id='word_1_357' title='bbox 853 2796 874 2846; x_wconf 94' lang='lat' dir='ltr'>l.</span> <span class='ocrx_word' id='word_1_358' title='bbox 887 2795 1078 2860; x_wconf 76' lang='lat' dir='ltr'>suicolltgcnda&#39;.</span> <span class='ocrx_word' id='word_1_359' title='bbox 1092 2793 1274 2856; x_wconf 63' lang='lat' dir='ltr'>notavissent,</span> 
     </span>
     <span class='ocr_line' id='line_1_57' title="bbox 771 2859 1274 2925; baseline -0.01 -11"><span class='ocrx_word' id='word_1_360' title='bbox 771 2866 833 2914; x_wconf 89' lang='lat' dir='ltr'>auch</span> <span class='ocrx_word' id='word_1_361' title='bbox 845 2879 918 2914; x_wconf 90' lang='lat' dir='ltr'>wenn</span> <span class='ocrx_word' id='word_1_362' title='bbox 933 2881 960 2914; x_wconf 90' lang='lat' dir='ltr'>es</span> <span class='ocrx_word' id='word_1_363' title='bbox 970 2862 1056 2913; x_wconf 88' lang='lat' dir='ltr'>Plural</span> <span class='ocrx_word' id='word_1_364' title='bbox 1064 2863 1107 2925; x_wconf 90' lang='lat' dir='ltr'>ist,</span> <span class='ocrx_word' id='word_1_365' title='bbox 1120 2862 1164 2911; x_wconf 91' lang='lat' dir='ltr'>das</span> <span class='ocrx_word' id='word_1_366' title='bbox 1174 2859 1274 2910; x_wconf 87' lang='lat' dir='ltr'>Gerun-</span> 
     </span>
     <span class='ocr_line' id='line_1_58' title="bbox 772 2929 1274 2994; baseline -0.006 -13"><span class='ocrx_word' id='word_1_367' title='bbox 772 2932 855 2981; x_wconf 91' lang='lat' dir='ltr'>dlvum</span> <span class='ocrx_word' id='word_1_368' title='bbox 873 2932 904 2980; x_wconf 80' lang='lat' dir='ltr'>ian</span> <span class='ocrx_word' id='word_1_369' title='bbox 921 2931 1017 2994; x_wconf 81' lang='lat' dir='ltr'>Singul.</span> <span class='ocrx_word' id='word_1_370' title='bbox 1040 2929 1076 2979; x_wconf 85' lang='lat' dir='ltr'>Es</span> <span class='ocrx_word' id='word_1_371' title='bbox 1093 2929 1202 2990; x_wconf 89' lang='lat' dir='ltr'>scheint,</span> <span class='ocrx_word' id='word_1_372' title='bbox 1215 2929 1274 2978; x_wconf 88' lang='lat' dir='ltr'>dass</span> 
     </span>
     <span class='ocr_line' id='line_1_59' title="bbox 772 2994 1274 3049; baseline -0.01 0"><span class='ocrx_word' id='word_1_373' title='bbox 772 2999 812 3049; x_wconf 92' lang='lat' dir='ltr'>die</span> <span class='ocrx_word' id='word_1_374' title='bbox 822 2997 989 3049; x_wconf 84' lang='lat' dir='ltr'>Genitivlorm</span> <span class='ocrx_word' id='word_1_375' title='bbox 1002 3000 1046 3048; x_wconf 86' lang='lat' dir='ltr'>des</span> <span class='ocrx_word' id='word_1_376' title='bbox 1056 2996 1130 3046; x_wconf 89' lang='lat' dir='ltr'>Pron.</span> <span class='ocrx_word' id='word_1_377' title='bbox 1141 2996 1182 3046; x_wconf 91' lang='lat' dir='ltr'>die</span> <span class='ocrx_word' id='word_1_378' title='bbox 1192 2994 1274 3047; x_wconf 85' lang='lat' dir='ltr'>Uore-</span> 
     </span>
     <span class='ocr_line' id='line_1_60' title="bbox 770 3064 1277 3130; baseline -0.004 -14"><span class='ocrx_word' id='word_1_379' title='bbox 770 3064 1277 3130; x_wconf 72' lang='lat' dir='ltr'>gelmiissiglreitherheigcl&#39;dhrthatlsui</span> 
     </span>
     <span class='ocr_line' id='line_1_61' title="bbox 771 3130 1274 3199; baseline -0.01 -15"><span class='ocrx_word' id='word_1_380' title='bbox 771 3134 972 3199; x_wconf 51' lang='lat' dir='ltr'>collegendorum</span> <span class='ocrx_word' id='word_1_381' title='bbox 984 3140 1040 3197; x_wconf 73' lang='lat' dir='ltr'>sagt</span> <span class='ocrx_word' id='word_1_382' title='bbox 1052 3148 1107 3182; x_wconf 87' lang='lat' dir='ltr'>man</span> <span class='ocrx_word' id='word_1_383' title='bbox 1120 3133 1210 3192; x_wconf 84' lang='lat' dir='ltr'>nicht).</span> <span class='ocrx_word' id='word_1_384' title='bbox 1233 3130 1274 3181; x_wconf 92' lang='lat' dir='ltr'>ln·</span> 
     </span>
     <span class='ocr_line' id='line_1_62' title="bbox 771 3198 1274 3252; baseline -0.01 0"><span class='ocrx_word' id='word_1_385' title='bbox 771 3203 830 3252; x_wconf 85' lang='lat' dir='ltr'>dcss</span> <span class='ocrx_word' id='word_1_386' title='bbox 848 3202 882 3252; x_wconf 92' lang='lat' dir='ltr'>ist</span> <span class='ocrx_word' id='word_1_387' title='bbox 898 3204 958 3252; x_wconf 91' lang='lat' dir='ltr'>nach</span> <span class='ocrx_word' id='word_1_388' title='bbox 977 3201 1049 3251; x_wconf 87' lang='lat' dir='ltr'>einer</span> <span class='ocrx_word' id='word_1_389' title='bbox 1059 3201 1167 3250; x_wconf 87' lang='lat' dir='ltr'>anderen</span> <span class='ocrx_word' id='word_1_390' title='bbox 1181 3198 1274 3248; x_wconf 72' lang='lat' dir='ltr'>Erklh-</span> 
     </span>
     <span class='ocr_line' id='line_1_63' title="bbox 771 3267 1274 3335; baseline -0.006 -17"><span class='ocrx_word' id='word_1_391' title='bbox 771 3285 836 3332; x_wconf 80' lang='lat' dir='ltr'>rung</span> <span class='ocrx_word' id='word_1_392' title='bbox 848 3270 983 3335; x_wconf 53' lang='lat' dir='ltr'>rodegandi</span> <span class='ocrx_word' id='word_1_393' title='bbox 994 3267 1159 3330; x_wconf 83' lang='lat' dir='ltr'>Gerundium,</span> <span class='ocrx_word' id='word_1_394' title='bbox 1173 3281 1201 3316; x_wconf 90' lang='lat' dir='ltr'>so</span> <span class='ocrx_word' id='word_1_395' title='bbox 1214 3267 1274 3316; x_wconf 86' lang='lat' dir='ltr'>dass</span> 
     </span>
     <span class='ocr_line' id='line_1_64' title="bbox 771 3332 1277 3404; baseline -0.008 -16"><span class='ocrx_word' id='word_1_396' title='bbox 771 3337 907 3402; x_wconf 41' lang='lat' dir='ltr'>collabentis</span> <span class='ocrx_word' id='word_1_397' title='bbox 917 3337 1040 3404; x_wconf 73' lang='lat' dir='ltr'>sacedtas</span> <span class='ocrx_word' id='word_1_398' title='bbox 1064 3337 1155 3385; x_wconf 85' lang='lat' dir='ltr'>einen</span> <span class='ocrx_word' id='word_1_399' title='bbox 1180 3332 1277 3396; x_wconf 77' lang='lat' dir='ltr'>Bcgrih‘</span> 
     </span>
     <span class='ocr_line' id='line_1_65' title="bbox 770 3401 1273 3470; baseline -0.012 -15"><span class='ocrx_word' id='word_1_400' title='bbox 770 3405 861 3470; x_wconf 89' lang='lat' dir='ltr'>bildet,</span> <span class='ocrx_word' id='word_1_401' title='bbox 878 3421 928 3455; x_wconf 90' lang='lat' dir='ltr'>von</span> <span class='ocrx_word' id='word_1_402' title='bbox 946 3407 1001 3456; x_wconf 90' lang='lat' dir='ltr'>dem</span> <span class='ocrx_word' id='word_1_403' title='bbox 1017 3405 1083 3454; x_wconf 88' lang='lat' dir='ltr'>dann</span> <span class='ocrx_word' id='word_1_404' title='bbox 1098 3405 1142 3453; x_wconf 81' lang='lat' dir='ltr'>sni</span> <span class='ocrx_word' id='word_1_405' title='bbox 1155 3401 1273 3464; x_wconf 79' lang='lat' dir='ltr'>abhiingt,</span> 
     </span>
     <span class='ocr_line' id='line_1_66' title="bbox 771 3469 1273 3537; baseline -0.008 -15"><span class='ocrx_word' id='word_1_406' title='bbox 771 3476 832 3524; x_wconf 85' lang='lat' dir='ltr'>nach</span> <span class='ocrx_word' id='word_1_407' title='bbox 842 3472 966 3537; x_wconf 73' lang='lat' dir='ltr'>Analogia</span> <span class='ocrx_word' id='word_1_408' title='bbox 975 3473 1103 3522; x_wconf 87' lang='lat' dir='ltr'>iihnlichcr</span> <span class='ocrx_word' id='word_1_409' title='bbox 1111 3469 1273 3520; x_wconf 81' lang='lat' dir='ltr'>Ausdruchs·</span> 
     </span>
     <span class='ocr_line' id='line_1_67' title="bbox 770 3536 1275 3670; baseline -0.012 -11"><span class='ocrx_word' id='word_1_410' title='bbox 770 3541 1090 3669; x_wconf 70' lang='lat' dir='ltr'>titthttt&#39;ttt&#39;tt,</span> <span class='ocrx_word' id='word_1_411' title='bbox 1099 3536 1275 3670; x_wconf 44' lang='lat' dir='ltr'>trahat.</span> 
     </span>
     <span class='ocr_line' id='line_1_68' title="bbox 770 3674 1275 3742; baseline -0.004 -16"><span class='ocrx_word' id='word_1_412' title='bbox 770 3675 787 3742; x_wconf 64' lang='grc' dir='ltr'><strong>ξ</strong></span> <span class='ocrx_word' id='word_1_413' title='bbox 800 3676 858 3726; x_wconf 86' lang='grc'><strong>660.</strong></span> <span class='ocrx_word' id='word_1_414' title='bbox 878 3677 992 3740; x_wconf 81' lang='lat' dir='ltr'>[Addere</span> <span class='ocrx_word' id='word_1_415' title='bbox 1004 3675 1090 3724; x_wconf 86' lang='lat' dir='ltr'>halten</span> <span class='ocrx_word' id='word_1_416' title='bbox 1101 3676 1160 3735; x_wconf 73' lang='lat' dir='ltr'>artai,</span> <span class='ocrx_word' id='word_1_417' title='bbox 1173 3675 1217 3737; x_wconf 67' lang='lat' dir='ltr'>rua</span> <span class='ocrx_word' id='word_1_418' title='bbox 1231 3674 1275 3724; x_wconf 75' lang='lat' dir='ltr'>rui</span> 
     </span>
     <span class='ocr_line' id='line_1_69' title="bbox 770 3743 1273 3806; baseline -0.006 -13"><span class='ocrx_word' id='word_1_419' title='bbox 770 3745 812 3794; x_wconf 86' lang='lat' dir='ltr'>t&#39;dr</span> <span class='ocrx_word' id='word_1_420' title='bbox 823 3745 871 3794; x_wconf 87' lang='lat' dir='ltr'>den</span> <span class='ocrx_word' id='word_1_421' title='bbox 884 3743 967 3795; x_wconf 88' lang='lat' dir='ltr'>Genit.</span> <span class='ocrx_word' id='word_1_422' title='bbox 981 3750 1063 3793; x_wconf 88' lang='lat' dir='ltr'>neutr.</span> <span class='ocrx_word' id='word_1_423' title='bbox 1075 3757 1148 3806; x_wconf 88' lang='lat' dir='ltr'>pron.</span> <span class='ocrx_word' id='word_1_424' title='bbox 1159 3753 1273 3806; x_wconf 83' lang='lat' dir='ltr'>possess.</span> 
     </span>
     <span class='ocr_line' id='line_1_70' title="bbox 770 3809 1085 3874; baseline -0.013 -12"><span class='ocrx_word' id='word_1_425' title='bbox 770 3811 873 3874; x_wconf 76' lang='lat' dir='ltr'>Madvig</span> <span class='ocrx_word' id='word_1_426' title='bbox 884 3811 964 3861; x_wconf 80' lang='lat' dir='ltr'>297.b</span> <span class='ocrx_word' id='word_1_427' title='bbox 976 3827 1000 3860; x_wconf 93' lang='lat' dir='ltr'>u.</span> <span class='ocrx_word' id='word_1_428' title='bbox 1013 3809 1085 3872; x_wconf 69' lang='lat' dir='ltr'>tlh]</span> 
     </span>
    </p>

    <p class='ocr_par' dir='ltr' id='par_1_17' title="bbox 771 3873 1272 4012">
     <span class='ocr_line' id='line_1_71' title="bbox 804 3873 1272 3996; baseline -0.017 -65"><span class='ocrx_word' id='word_1_429' title='bbox 804 3879 829 3996; x_wconf 57' lang='grc' dir='ltr'><strong>ξ.</strong></span> <span class='ocrx_word' id='word_1_430' title='bbox 849 3878 1035 3949; x_wconf 77' lang='lat' dir='ltr'>pottrmdorum</span> <span class='ocrx_word' id='word_1_431' title='bbox 1062 3880 1224 3928; x_wconf 81' lang='lat' dir='ltr'>castrorum.-</span> <span class='ocrx_word' id='word_1_432' title='bbox 1247 3873 1272 3924; x_wconf 91' lang='grc'><strong>2.</strong></span> 
     </span>
     <span class='ocr_line' id='line_1_72' title="bbox 771 3947 832 4012; baseline 0.016 -17"><span class='ocrx_word' id='word_1_433' title='bbox 771 3947 795 4012; x_wconf 81' lang='lat'>7,</span> <span class='ocrx_word' id='word_1_434' title='bbox 825 3983 832 3996; x_wconf 94' lang='lat'>.</span> 
     </span>
    </p>
   </div>
   <div class='ocr_carea' id='block_1_8' title="bbox 0 0 1404 4482">
    <p class='ocr_par' dir='ltr' id='par_1_18' title="bbox 0 0 1404 4482">
     <span class='ocr_line' id='line_1_73' title="bbox 0 0 1404 4482; baseline 0 0"><span class='ocrx_word' id='word_1_435' title='bbox 0 0 1404 4482; x_wconf 95' lang='lat' dir='ltr'> </span> 
     </span>
    </p>
   </div>
  </div>
 </body>
</html>
