2798 4482
219 303 280 368 168

581 302 625 352 ΒΕ
642 301 751 352 BELLO
766 299 912 352 ¹GriLLlCO

180 469 195 518 3
216 458 315 537 plures
334 474 445 536 paucos
467 454 731 528 circumsistebant,
750 454 796 515 alii
811 454 846 515 ab
861 455 948 514 latere
964 461 1064 532 aperto
1079 454 1110 514 in
1124 454 1283 516 universos

118 581 119 586 κ
179 553 196 602 4
216 542 271 602 tela
286 541 475 602 coniciebant.
503 539 588 611 Quod
605 559 672 600 oum
687 539 936 600 animadvertisset
947 538 1060 612 Caesar,
1075 540 1199 617 scaphas
1210 539 1281 601 lon-

216 645 321 704 garum
335 626 460 700 navium,
475 625 544 684 item
559 623 751 707 speculatoria
765 624 876 700 navigia
890 622 1029 684 militibus
1042 624 1182 701 compleri
1194 624 1284 684 iussit

180 720 195 770 5
216 719 253 782 et,
270 729 344 788 quos
356 710 520 770 laborantes
534 716 731 786 conspexerat,
746 708 793 768 his
806 707 934 768 subsidia
946 707 1143 768 submittebat.
1170 709 1281 782 Nostri,

215 794 303 856 simul
322 794 353 854 in
373 793 453 854 arido
476 793 682 865 constiteram,
702 792 763 852 suis
786 793 922 852 ominibus
944 791 1109 852 consecutis
1129 793 1161 852 in
1175 793 1282 854 hostes

214 879 358 957 impetum
378 878 510 948 lecerunt
528 884 613 956 atque
633 895 684 936 eos
705 876 736 935 in
755 877 852 954 sugam
873 877 1030 949 dederunt,
1050 893 1146 955 neque
1160 877 1280 955 longius

215 961 354 1042 prosequi
374 968 547 1041 potuerunt,
569 961 648 1038 quod
668 961 780 1040 equites
802 979 923 1021 cursum
937 968 1037 1024 tenere
1051 968 1137 1039 atque
1151 961 1281 1022 insulam

215 1066 318 1124 capere
337 1064 399 1106 non
419 1051 583 1124 potuerant.
613 1045 678 1105 Hoc
696 1062 790 1105 unum
810 1045 845 1105 ad
867 1044 1023 1124 pristinam
1043 1045 1193 1107 fortunam
1208 1045 1282 1107 Cae·

215 1131 275 1192 sari
290 1131 388 1192 defuit.

299 1221 353 1281 27.
386 1213 493 1274 Hostes
513 1213 625 1292 proelio
647 1213 788 1292 superati,
810 1213 897 1274 simul
917 1221 1002 1292 atque
1017 1233 1049 1274 se
1064 1233 1099 1274 ex
1114 1215 1182 1292 luga
1198 1233 1281 1275 rece-

215 1308 335 1378 perunt,
363 1298 459 1359 statim
481 1298 517 1358 ad
533 1298 684 1358 Caesarem
703 1298 813 1375 legatos
834 1298 870 1358 de
889 1317 960 1376 pace
975 1298 1132 1371 miserunt,
1161 1299 1280 1360 obsides

178 1385 336 1444 ndaturos
361 1401 491 1460 quaeque
516 1383 688 1460 imperasset
711 1384 838 1443 facturos
863 1401 928 1442 esse
954 1383 1073 1460 polliciti
1093 1388 1176 1444 sunt'
1213 1385 1278 1444 Una

216 1487 283 1529 cum
302 1467 348 1528 his
367 1467 468 1545 legatis
484 1466 634 1527 Commius
648 1467 769 1528 Atrebas
783 1465 870 1540 venit,
887 1486 972 1545 quem
988 1486 1077 1544 supra
1093 1468 1280 1528 demonstra-

181 1556 196 1606 3
214 1571 312 1613 reram
334 1571 351 1612 a
371 1553 492 1612 Caesare
519 1551 549 1610 in
569 1551 748 1613 Britanniam
773 1551 979 1630 praemissum.
1019 1551 1105 1611 Hunc
1123 1551 1162 1611 illi
1182 1551 1279 1612 enari

216 1655 376 1716 egressum,
393 1655 460 1697 cum
476 1636 511 1696 ad
527 1655 578 1696 eos
595 1637 721 1697 oratoris
737 1637 828 1696 modo
845 1635 976 1698 Caesaris
991 1636 1127 1696 mandata
1143 1637 1278 1709 deferret,

178 1726 196 1775 4
217 1721 498 1800 comprehenderant
513 1728 597 1798 atque
612 1721 643 1780 in
656 1720 771 1781 vincula
787 1720 982 1780 coniecerant:
997 1727 1061 1780 turn
1076 1720 1188 1798 proelio
1201 1722 1277 1782 lacto

215 1807 390 1866 remiserunt
411 1813 439 1866 et
458 1805 489 1865 in
508 1805 632 1883 petenda
652 1823 723 1884 pace
742 1805 804 1864 eius
823 1804 865 1864 rei
886 1804 1000 1882 culpam
1016 1805 1048 1864 in
1063 1805 1277 1866 multitudinem

216 1891 407 1952 coniecerunt
416 1896 444 1948 et
457 1897 579 1968 propter
594 1889 818 1968 imprudentiam
835 1897 868 1950 ut
877 1888 1086 1966 ignosceretur,
1103 1889 1276 1967 petivenmt.

179 1979 193 2029 5
216 1973 320 2034 Caesar
338 1981 471 2052 questus²
497 1974 591 2051 quod,
617 1993 684 2035 oum
703 1975 780 2034 ultro
801 1973 832 2033 in
847 1973 1045 2033 continentem
1059 1974 1161 2052 legatis
1176 1974 1276 2034 missis

217 2176 239 2225 1.
252 2175 294 2241 25,
308 2175 332 2224 6.
348 2203 383 2212 —-
397 2176 424 2224 iu
444 2177 590 2240 uniuersos,
613 2174 714 2238 Gegen-
769 2175 793 2222 5.
802 2172 844 2236 23,
857 2173 882 2237 4,
893 2179 999 2242 portum
1010 2153 1140 2240 ostenso,
1151 2175 1175 2227 4.
1194 2176 1277 2228 Ueber

214 2251 271 2294 satz
284 2260 315 2294 zu
324 2243 422 2308 aliquos
434 2241 593 2306 angulares,
607 2257 628 2292 s.
639 2241 680 2305 25,
691 2242 715 2291 5.
769 2242 808 2291 die
822 2240 901 2290 Suche
914 2258 935 2291 c.
950 2241 991 2291 28.

249 2310 273 2360 4.
296 2310 468 2379 speculatoria
478 2312 595 2374 nauigia:
608 2309 715 2360 Wacht-

215 2378 310 2442 schiffe,
323 2379 363 2428 die
376 2377 483 2427 leiohter
494 2377 545 2426 und
556 2377 654 2426 kleiner
665 2377 716 2426 und
738 2415 741 2422 ,

214 2448 277 2496 ohne
291 2445 415 2496 Schniibel
426 2460 522 2494 waren.
545 2443 601 2495 Liv.
615 2443 655 2508 36,
668 2444 714 2492 42.

212 2513 300 2564 inultm
313 2517 451 2581 praeterea
467 2515 610 2563 mentibus
633 2512 718 2575 (navi-

212 2580 283 2645 bus),
309 2597 373 2646 quae
388 2585 435 2630 out
454 2583 560 2647 apertae
580 2584 716 2644 rostratae,

212 2652 259 2698 aut
271 2651 326 2698 sine
339 2651 434 2698 rostris
446 2647 631 2716 speculatoriae
642 2652 718 2698 erunt

214 2715 411 2778 (Resohreibung
421 2714 462 2764 hei
471 2715 562 2778 Veget.
575 2715 598 2764 5.
610 2716 643 2778 7).
660 2731 717 2765 scu·

210 2783 290 2850 phac,
304 2785 343 2833 alie
357 2799 388 2832 zu
401 2784 449 2831 den
461 2779 658 2845 liriegsschiffen
671 2798 716 2844 ge-

212 2851 317 2912 hbrigen
334 2849 405 2899 Bote.
424 2877 457 2885 —
473 2852 597 2899 iussit—
607 2853 716 2899 submit-

213 2919 289 2966 tebet.
317 2916 439 2966 Wechsel
455 2917 501 2965 der
517 2915 653 2980 Tempora:
675 2916 715 2966 die

213 2983 305 3032 einmal
328 2983 478 3031 bemannten
499 2982 590 3032 Schiffe
611 2983 716 3032 wurden

212 3049 363 3099 wiederholt
375 3065 408 3098 zu
420 3047 494 3098 lliilfe
507 3049 643 3112 geschickt.

247 3115 271 3165 5.
294 3115 372 3166 simul
381 3137 416 3158 =
431 3116 504 3165 simul
521 3123 605 3180 atquc.
621 3145 656 3154 -
671 3133 716 3166 ne-

212 3199 269 3250 que.
297 3182 356 3232 Wir
374 3189 499 3232 erwarteu
517 3183 572 3232 eine
585 3183 715 3234 Adversa-

211 3249 370 3316 tirpartikel:
387 3266 467 3316 aeque
483 3254 576 3300 tumen.
602 3250 624 3299 1.
638 3250 679 3314 36,
690 3251 714 3300 5.

211 3317 254 3384 47,
275 3317 296 3368 1.
308 3346 340 3354 -
358 3317 426 3384 quod
440 3320 536 3384 equites
556 3347 591 3354 -
602 3333 653 3368 nou
666 3334 716 3386 po·

213 3390 331 3436 merent:
353 3387 392 3436 die
409 3383 533 3448 Uusrigen
549 3385 659 3436 lronnten
677 3386 714 3436 sie

212 3454 281 3504 nicht
292 3451 436 3516 verlolgen,
448 3453 508 3502 weil
522 3453 559 3503 sie
571 3453 644 3504 keine
653 3452 714 3503 Rei-

211 3527 254 3571 ter
277 3522 378 3581 hatten3
402 3519 445 3570 tua
467 3521 554 3570 diesen
578 3519 714 3572 Gedunlen

211 3587 283 3651 gicht
299 3604 327 3638 er
344 3589 405 3638 uber
418 3603 466 3636 nur
478 3589 517 3638 die
530 3587 632 3638 Griimle
645 3589 714 3638 ihrer

211 3655 398 3706 Abwesenheit.
421 3683 456 3690 -
478 3671 585 3706 cursum
614 3659 714 3706 tortere:

211 3721 292 3772 (lours
305 3723 403 3791 holten,
422 3723 462 3772 die
478 3721 558 3773 Fahrt
573 3725 598 3772 in
611 3724 657 3773 der
668 3724 713 3773 be-

211 3803 343 3850 gonneneu
355 3789 480 3852 Richtung
495 3791 654 3852 innehalten3
672 3790 712 3856 28,

211 3855 236 3905 2.
257 3883 292 3893 -—
313 3857 425 3908 besulam
447 3873 551 3926 capere.-
574 3859 712 3922 erreichen,

211 3923 357 3986 gewinncn3
376 3923 461 3975 5.8.3.
479 3925 514 3974 So
526 3925 610 3978 luerem
621 3941 711 3996 capere

804 2300 853 2360 27.
869 2309 891 2358 1.
905 2309 1006 2361 obsides
1018 2309 1128 2360 daturos
1138 2317 1187 2360 ete.
1199 2311 1275 2362 Diese
1313 2290 1318 2309 ⁸

770 2376 862 2427 Worte
884 2375 960 2439 stigen
981 2393 1013 2427 zu
1032 2379 1087 2426 dem
1108 2378 1275 2440 allgemeinen

771 2443 821 2509 leg.
835 2444 866 2495 de
880 2460 945 2512 paee
961 2447 1090 2495 miserunt
1105 2446 1151 2494 cleu
1168 2447 1274 2510 speciei·

770 2511 813 2561 len
841 2513 892 2561 und
914 2512 1097 2562 wesentlicheu
1124 2512 1206 2563 lnhalt
1230 2515 1275 2564 der

770 2579 913 2642 Botschnlt‚
931 2580 1009 2629 ‹laher
1025 2580 1203 2646 asyndetische
1216 2581 1273 2631 Bei-

770 2645 874 2710 togung.

806 2713 830 2763 2.
852 2730 934 2783 supra
950 2729 971 2763 c.
985 2713 1030 2778 21,
1044 2713 1067 2763 8.
1084 2713 1276 2767 demonstrare·

771 2781 880 2832 ram:2.
896 2781 917 2844 1,
933 2781 954 2830 1.
1325 2841 1329 2846 .

805 2848 829 2898 3.
857 2852 971 2899 oratorie
993 2848 1078 2899 modo.
1116 2849 1211 2902 Orator
1234 2851 1273 2900 cin
1309 2863 1310 2868 ’

769 2915 955 2978 Abgesunclter‚
973 2915 1085 2966 insolern
1103 2933 1133 2966 er
1143 2917 1182 2967 als
1196 2918 1272 2984 Spre-

771 2983 831 3031 chcr
854 2982 978 3030 miindlich
999 2984 1177 3046 verhondelte;
1196 2987 1275 3036 daher

770 3048 808 3098 ou
818 3071 854 3090 =
865 3049 975 3114 legatus.
1002 3049 1089 3100 Indess
1103 3059 1180 3102 neunt
1191 3053 1232 3102 ihn
1246 3052 1272 3102 C.

770 3117 838 3166 nicht
853 3116 967 3182 legatus,
984 3119 1016 3168 oe
1032 3134 1061 3168 er
1077 3119 1118 3168 ihn
1136 3119 1182 3182 21,
1195 3119 1211 3170 8
1226 3135 1274 3169 nur

771 3183 880 3248 schoht,
902 3189 932 3234 ut
952 3188 997 3234 αὐ.
1014 3185 1091 3235 adeat
1106 3187 1274 3238 hortetur·

770 3266 839 3316 que,
867 3255 899 3301 ut
917 3267 945 3318 p.
970 3251 1000 3302 ll.
1017 3253 1101 3318 fidere
1123 3259 1272 3320 sequantur,

769 3333 820 3367 was
832 3333 862 3367 er
873 3320 944 3367 mehr
956 3319 980 3368 in
994 3321 1103 3384 semem,
1121 3322 1159 3371 als
1172 3323 1197 3370 in
1210 3321 1273 3372 Cae·

770 3399 826 3434 sara
843 3383 938 3435 Numen
959 3388 1021 3436 thun
1042 3388 1126 3439 sollte.
1154 3389 1271 3438 Dennoch

768 3469 824 3502 war
836 3469 921 3504 ervon
934 3454 982 3502 ihm
995 3456 1130 3505 entsendet
1138 3458 1189 3506 und
1201 3457 1271 3508 seinc

768 3519 927 3584 Verhaftung
948 3521 1041 3571 konnte
1059 3523 1097 3572 als
1114 3523 1271 3586 Verletzung

768 3589 813 3638 (les
834 3588 1017 3640 Viilkcrrechts
1037 3605 1183 3652 genommen
1203 3605 1270 3641 wer-

768 3657 824 3705 den.
860 3655 920 3705 Dies
942 3657 977 3706 ist
993 3657 1032 3706 die
1053 3657 1127 3725 culpo
1147 3658 1193 3708 (lor
1209 3659 1270 3708 Brit

767 3724 818 3773 und
839 3724 878 3772 die
899 3723 1073 3790 imprudentia
1090 3727 1143 3776 ‘das
1160 3727 1269 3776 uniiher·

766 3791 835 3854 legte
852 3790 1005 3842 Verlnhren'
1024 3807 1104 3854 gegen
1121 3795 1170 3844 den
1187 3793 1273 3856 Abse-

766 3859 881 3908 saulteu.

800 3925 826 3976 5.
843 3925 937 3991 legato
948 3929 1050 3976 am'sct'e:
1062 3942 1084 3976 c.
1096 3925 1138 3978 21.
1150 3927 1175 3978 5.
