2816 4468
523 237 527 244 Ι
590 302 642 356 vu.
661 301 779 352 51-54.
1153 303 1215 368 295

156 457 364 520 detrimentum
387 455 419 516 in
444 457 631 518 contentione
650 461 772 534 propter
790 453 971 532 iniquitatem
990 455 1046 517 loci
1066 457 1216 521 accideret
1304 519 1305 526 ,

157 545 273 616 Quanto
290 557 378 621 opere
393 541 601 623 eorumanimi
616 539 845 618 magnitudinem
857 538 1056 613 admiraretur,
1071 545 1144 618 quos
1153 561 1216 605 non
1236 549 1254 601 3

157 634 321 688 castrorum
340 624 532 698 munitiones
552 643 614 687 non
633 625 752 686 altitudo
771 623 894 697 montis,
914 641 975 683 non
995 643 1098 685 murus
1113 628 1216 706 oppidi

155 713 270 774 tardere
289 710 446 791 potuisset,
472 717 553 771 tanto
575 728 663 790 opere
681 708 825 770 licentiam
845 709 1097 788 arrogantiamque
1115 731 1216 791 repre·

155 796 296 868 bendere,
326 795 405 874 quod
431 794 497 873 plus
524 814 554 856 se
581 813 668 874 quam
694 795 900 873 imperatorem
925 794 961 854 de
986 793 1106 855 victoria
1132 804 1217 874 atque

156 882 235 942 exitu
253 899 352 941 rerum
372 880 479 940 sentire
497 880 707 952 existimarent3
727 897 782 939 nec
797 877 894 940 minus
911 897 942 938 se
957 878 993 938 ab
1008 879 1098 940 milite
1112 882 1216 942 mode·
1235 889 1253 940 4

155 966 242 1026 stiam
262 971 291 1024 et
306 964 511 1026 continentiam
531 984 618 1044 quam
633 965 767 1025 virtutem
782 971 867 1041 atque
882 962 972 1023 animi
986 964 1217 1041 magnitudinem

156 1047 330 1110 desiderare.
678 1104 682 1111 .
1066 1116 1068 1124 ¹
1112 1089 1115 1096 -

242 1138 294 1200 53.
324 1134 383 1195 Hac
396 1133 493 1194 habita
509 1133 645 1194 contione
660 1141 688 1194 et
703 1133 738 1194 ad
753 1140 911 1193 extremam
927 1129 1091 1193 orationem
1108 1136 1217 1196 contir-

154 1218 242 1279 matis
261 1218 413 1291 militibus,
432 1237 469 1278 ne
489 1219 526 1279 oh
546 1219 622 1279 hanc
642 1236 757 1280 oausam
779 1216 877 1278 animo
897 1226 1138 1294 permoverentur
1151 1237 1217 1295 neu,

155 1304 235 1382 quod
254 1302 389 1382 iniquitas
409 1303 465 1364 loci
486 1303 643 1376 attulisset,
667 1303 695 1363 id
716 1302 813 1363 virtuti
827 1301 957 1361 bostium
972 1302 1144 1378 tribuerent,
1166 1323 1215 1366 ea-

155 1389 223 1448 dem
237 1388 273 1448 de
287 1388 470 1468 profectione
486 1388 630 1466 cogitans,
645 1406 718 1465 quae
732 1393 798 1447 ante
812 1393 955 1457 senserat,
971 1385 1100 1464 legiones
1116 1407 1151 1450 ex
1166 1407 1216 1450 ee

155 1472 224 1533 stris
238 1473 336 1533 eduxit
351 1473 500 1550 aciemque
514 1473 621 1533 idoneo
636 1471 702 1531 loco
719 1468 877 1530 constituit.
911 1467 984 1528 Cum
998 1471 1215 1550 Vercingetorix
1235 1488 1252 1539 2

154 1556 245 1617 nihilo
266 1557 360 1635 magis
379 1556 410 1616 in
429 1575 555 1634 aequum
574 1557 672 1616 locum
692 1555 890 1624 descenderet,
914 1552 968 1612 levi
992 1555 1067 1616 lacto
1088 1557 1215 1634 equestri

153 1642 266 1720 proelio
282 1649 368 1719 atque
383 1640 512 1701 seeundo
528 1640 558 1700 in
571 1647 663 1700 castra
675 1639 831 1699 exercitum
843 1637 964 1698 reduxit.
988 1638 1059 1700 Cum
1072 1641 1215 1702 hocidem
1235 1654 1251 1704 3

77 1792 80 1798 .
154 1732 276 1804 postero
292 1725 339 1785 die
354 1724 482 1797 lecisset,
497 1725 566 1784 satis
583 1725 619 1783 ad
636 1723 773 1784 Gallicam
789 1721 1012 1783 ostentationem
1027 1725 1216 1787 minuendam

154 1809 336 1888 militumque
354 1809 469 1870 animos
491 1809 708 1869 conlirmandos
725 1809 833 1868 laetum
848 1807 1016 1868 existimans
1032 1809 1063 1869 in
1077 1810 1214 1871 Haeduos

155 1892 248 1954 movit
263 1901 364 1954 castre.
386 1894 428 1953 Ne
443 1901 503 1954 tum
520 1893 636 1973 quidem
652 1893 791 1954 insecutis
806 1891 941 1952 hostibus
956 1893 1042 1953 tertio
1054 1893 1147 1955 dicad
1159 1895 1215 1955 llu-
1235 1906 1253 1956 4

142 1995 223 2056 ,men
237 1977 338 2038 Elaver
352 1986 458 2056 pontes
474 1978 672 2056 refieiteoque
688 1977 845 2038 exercitum
859 1977 991 2038 traducit.
1058 2049 1059 2052 Ἴ

214 2113 216 2118 ,
240 2069 290 2128 54.
318 2062 388 2124 lbia
404 2063 586 2124 Viridomaro
601 2072 687 2140 atque
701 2061 899 2141 Eporedorige
914 2062 1039 2123 Haeduis
1055 2063 1214 2143 appellatus

155 2146 239 2207 discit
265 2166 331 2207 oum
359 2147 441 2207 omni
467 2149 596 2226 equitatu
620 2147 778 2209 Litavicur'n
805 2147 840 2207 ad
862 2146 1058 2208 sollicitandos
1079 2149 1215 2210 Haeduos

153 2233 333 2311 proiectum:
360 2250 434 2312 opus
455 2252 521 2293 esse
536 2233 619 2312 ipsos
635 2233 804 2294 antecedere
819 2231 853 2291 ad
870 2231 1100 2293 confirmandam
1116 2234 1214 2294 civita·

153 2324 221 2377 tem.
257 2316 320 2376 Etsi
339 2318 438 2378 multis
458 2317 517 2378 iam
541 2318 628 2377 rebus
650 2317 802 2397 perfidiam
821 2315 1008 2376 Haeduorum
1030 2325 1214 2397 perspectam
1233 2332 1251 2383 r

153 2401 276 2461 habehat
294 2409 378 2479 atque
397 2402 505 2462 horum
525 2401 656 2462 discessu
675 2399 850 2462 admaturari
877 2399 1068 2460 delectionem
1094 2401 1214 2463 civitatis

153 2485 346 2558 existimabat,
364 2493 462 2546 tamen
481 2505 532 2546 eos
553 2486 720 2546 retinendos
735 2502 797 2550 non
814 2483 975 2556 constituit,
994 2501 1032 2544 ne
1046 2493 1095 2545 aut
1108 2486 1215 2548 inferre

153 2569 289 2630 iniuriam
304 2569 448 2631 videretur
469 2577 518 2630 aut
532 2571 600 2630 dare
615 2569 728 2630 timoris
744 2568 869 2646 aliquam
885 2568 1092 2646 suspicionem.
1113 2570 1213 2631 Disce-
1234 2586 1249 2636 3

154 2720 297 2771 schlimmcn
319 2719 409 2784 Eriolg
432 2721 500 2771 nieht
523 2721 568 2770 aul
588 2721 657 2771 seire
712 2721 781 2770 hatte
794 2719 844 2768 und
856 2719 915 2768 weil
927 2733 957 2768 er
968 2720 1035 2768 wohl
1044 2728 1148 2785 wusste,
1160 2736 1214 2772 was

153 2788 291 2850 Reebnung
311 2787 425 2838 hommen
447 2805 478 2838 zu
503 2789 596 2838 lassen.
630 2789 657 2838 S.
711 2786 1215 2852 imfreienFeldevonderlleherlcgcn·

153 2855 217 2906 auch
231 2871 262 2904 zu
275 2855 316 2919 47,
334 2855 355 2904 1.
712 2855 765 2905 heit
779 2857 825 2904 dcr
842 2855 984 2904 ro‘miselrcn
996 2853 1166 2918 liriegslrucst
1182 2873 1215 2906 zu

189 2911 243 2972 53·
263 2922 285 2972 1.
298 2925 658 2989 constrnmtic—tttbperent,
712 2921 859 2973 beidrchten
875 2937 938 2971 wnr.
967 2922 994 2972 C.
1012 2923 1091 2973 mcint
1107 2923 1213 2988 freilioh,

154 2991 203 3042 wie
227 3006 256 3040 er
279 2993 341 3041 auch
366 2994 442 3042 sehon
465 2993 559 3041 vorber
586 2992 657 3040 ibren
712 2992 827 3040 dadurcb·
842 2991 882 3040 die
904 2989 970 3040 Gall.
992 2991 1162 3055 gedcmiitbigt
1182 3007 1214 3041 zu

154 3057 225 3109 Muth
247 3059 366 3109 riihmend
384 3059 524 3110 nnerkannt
544 3061 594 3109 hat.
623 3059 657 3108 So
711 3059 802 3108 haben:
821 3061 887 3108 satie
908 3057 943 3108 ad
960 3056 1080 3109 Gallicam
1101 3063 1213 3110 ostenta·

154 3127 231 3176 weiss
242 3125 269 3175 C.
283 3127 370 3176 immer
381 3129 443 3178 auch
454 3128 514 3176 nach
524 3125 657 3176 Niederla-
712 3130 807 3176 tionem
818 3126 982 3176 anteceniam
990 3129 1105 3192 sactum.
1130 3126 1214 3178 Ueher
1282 3155 1286 3160 -

119 3230 122 3238 .
155 3209 204 3257 gen
219 3194 262 3242 das
276 3193 499 3243 Selbstvcrtrauen
517 3195 562 3243 der
575 3193 658 3244 Seini·
713 3191 861 3244 Gallicam
882 3197 1078 3244 ostentationem
1099 3209 1119 3244 s.
1142 3211 1174 3244 zu
1191 3209 1213 3244 c.

156 3277 204 3325 gen
222 3277 253 3310 zu
270 3260 396 3320 erhulten3
415 3261 496 3322 vcrgl.
509 3261 533 3310 5.
546 3261 578 3308 50
590 3276 613 3310 a.
627 3261 657 3310 Ε.
711 3261 789 3362 4737.

154 3327 659 3509 xptttttttttr⁴ttuttlt
745 3359 769 3443 t]
786 3328 1213 3457 hhtttthttllttltr

158 3478 180 3511 c.
211 3460 226 3508 3
239 3476 262 3510 a.
275 3461 305 3510 Ε.
325 3461 394 3511 Nacb
404 3462 459 3510 dem
469 3462 658 3524 ungliieklicben
712 3463 756 3510 ehc
773 3462 865 3509 undere
878 3461 1038 3511 barbariscbe
1051 3463 1147 3513 Fluss-
1162 3464 1213 3514 und

157 3527 279 3578 Vcrlnulc
300 3529 345 3577 des
368 3526 502 3578 Gefecbtes
523 3530 592 3578 hiittc
614 3530 659 3578 der
713 3529 900 3578 Stiidtenamen.
921 3555 956 3563 -
979 3529 1014 3579 ud
1030 3531 1147 3596 flumen:
1173 3531 1213 3580 dic

156 3597 247 3658 Abzug
263 3611 303 3645 urn
324 3611 352 3646 so
369 3597 439 3645 mehr
455 3597 493 3646 als
509 3596 600 3646 Fluclrt
616 3612 659 3647 er·
712 3595 825 3644 Briicken
838 3594 887 3643 hei
900 3595 955 3644 dem
968 3596 1071 3662 Flesse,
1085 3604 1157 3648 const
1167 3614 1213 3660 gc-

157 3664 274 3714 schcinen
290 3663 401 3713 miissen.
425 3663 471 3714 Um
488 3664 541 3713 dies
555 3680 586 3712 zu
597 3679 658 3714 ver·
711 3662 835 3711 wdhnlicb
851 3661 929 3726 tnfl„
944 3663 1008 3714 iiber
1024 3667 1071 3714 den
1083 3665 1167 3715 Fluss.
1177 3691 1214 3704 ·-·

155 3733 266 3794 melden,
287 3731 366 3782 hietet
386 3747 415 3780 er
435 3731 490 3780 dem
506 3730 600 3780 Feinde
618 3732 658 3781 die
708 3733 809 3797 pontes.
835 3729 861 3778 S.
875 3745 896 3778 e.
909 3729 949 3793 34,
962 3731 986 3781 2.
999 3732 1040 3796 35,
1053 3731 1213 3800 2.-eoque

156 3798 274 3850 Schlacbt
289 3815 330 3849 nn.
356 3798 431 3849 Verc.
450 3801 520 3848 nehm
537 3800 574 3848 sie
592 3800 659 3849 nicht
713 3797 787 3846 ntiml.
799 3797 1017 3863 flumiuc;vcrgl.
1031 3799 1053 3850 8.
1066 3801 1108 3862 27,
1121 3801 1146 3850 2.

156 3882 200 3931 un,
221 3867 281 3916 weil
301 3883 332 3917 cr
352 3867 421 3917 nicht
436 3874 490 3917 erst
506 3883 538 3915 zu
558 3867 658 3915 erka'm-
746 3856 798 3914 54·
823 3865 845 3914 l.
861 3863 1010 3918 bituricum.
1038 3869 1065 3918 S.
1083 3869 1212 3919 aarum

156 3933 214 4000 plen
223 3935 351 4000 hruuchte,
361 3950 414 3985 was
425 3950 454 3984 er
462 3935 539 3984 sebon
549 3934 659 3984 errcicbt
713 3935 736 3984 d.
749 3931 810 3996 lolg.
