2828 4480
234 343 298 408 266
597 341 641 394 nn
658 340 766 394 annno
785 337 928 392 caturco

234 506 263 558 et
283 495 341 558 loci
360 503 463 558 natura
481 494 517 556 ab
537 495 618 556 omni
639 495 699 557 sint
717 493 845 574 periculo
865 501 939 565 tuta,
959 510 1019 556 neu
1036 492 1098 553 suis
1114 492 1174 553 sint
1188 492 1224 553 ad
1240 491 1294 553 de-

234 581 413 644 tractandam
432 580 563 642 militiam
580 581 761 659 receptacula
779 599 836 642 neu
855 577 995 642 Romanis
1014 577 1168 658 proposita
1187 577 1225 638 ad
1241 596 1295 638 co·
1392 589 1393 664 ,

183 677 214 729 10
234 669 314 748 piam
341 673 520 727 commeatus
546 666 740 745 praedamque
763 665 929 726 tollendam.
972 663 1049 723 Haec
1074 662 1099 722 si
1124 661 1220 740 gravia
1245 669 1296 723 aut
1392 667 1393 680 ¹

233 751 335 813 acerba
348 751 511 823 videantur,
530 751 622 811 multo
638 750 813 829 illagravius
829 749 991 821 aestimare,
1013 747 1133 821 liberos,
1153 746 1295 830 coniuges

233 838 264 898 in
284 837 451 899 servitutem
470 835 610 909 abstrahi,
629 835 712 917 ipsos
732 835 867 908 interlici3
888 852 960 912 quac
978 832 1016 894 sit
1030 851 1150 896 necesse
1164 831 1296 904 accidere
1392 857 1393 882 1

232 929 371 1071 mensib.
404 1004 543 1066 Omnium
562 1023 709 1066 consensu
727 1005 782 1066 hac
802 1003 942 1065 sententia
956 1003 1078 1082 probata
1091 1021 1152 1063 uno
1167 1002 1214 1062 die
1226 973 1295 1062 am-

234 1091 310 1171 plius
330 1109 369 1150 xx
388 1089 475 1150 nrbes
494 1089 656 1168 Biturigum
675 1089 878 1173 incenduntur.
912 1089 976 1149 Hoc
990 1089 1067 1148 idem
1079 1089 1114 1148 ut
1127 1087 1159 1146 in
1173 1086 1294 1165 reliquis

198 1190 213 1240 2
235 1175 408 1237 civitatibus:
424 1174 455 1235 in
470 1175 606 1235 omnibus
622 1175 752 1253 partibus
767 1174 898 1234 incendia
914 1172 1148 1252 conspiciuntur3
1163 1191 1237 1250 quae
1249 1178 1295 1232 et·
1392 1199 1393 1238 5

234 1261 259 1322 si
274 1278 381 1338 magno
398 1278 464 1320 cum
480 1259 581 1320 dolore
596 1278 699 1320 omnes
715 1259 851 1332 serebant
866 1266 964 1318 tamen
977 1257 1035 1318 hoc
1045 1257 1101 1318 sibi
1110 1257 1205 1318 solatii
1219 1275 1294 1335 pro·
1392 1253 1393 1298 ἕ

234 1345 395 1425 ponebant,
411 1346 488 1422 quod
504 1363 542 1404 se
551 1363 644 1424 prope
659 1344 806 1423 explorata
820 1343 939 1404 victoria
954 1342 1081 1404 celeriter
1095 1341 1203 1402 amissa
1217 1340 1296 1402 reci·
1392 1351 1393 1402 ζ

199 1442 214 1491 3
234 1437 387 1509 peraturos
408 1429 600 1490 confidebant
632 1429 810 1490 Deliberatur
824 1429 860 1489 de
872 1428 992 1489 Avarico
1007 1427 1038 1487 in
1054 1425 1205 1488 communi
1220 1443 1295 1486 con-
1392 1449 1393 1458 ¹

196 1526 213 1576 t
235 1515 313 1588 cilio,
331 1514 446 1575 incendi
466 1515 598 1592 placeret,
619 1514 792 1576 andelandi
831 1513 1032 1574 Procumbunt
1052 1511 1189 1572 omnibus
1206 1511 1296 1570 Gallis

234 1601 269 1660 ad
295 1601 383 1679 pedes
409 1599 566 1677 Bituriges,
592 1617 630 1660 ne
648 1599 873 1678 pulcherrimam
891 1615 986 1676 prope
1004 1597 1093 1658 totius
1114 1595 1223 1656 Galliae
1241 1613 1295 1656 ur-

232 1685 313 1758 bem,
328 1704 401 1764 quae
415 1685 560 1765 praesidio
576 1692 604 1745 et
619 1692 792 1744 ornamento
809 1683 846 1744 sit
863 1682 979 1756 civitati,
995 1681 1056 1742 suis
1071 1680 1206 1742 manibus
1222 1699 1295 1740 suc-

197 1781 212 1831 5
233 1769 355 1831 cendere
370 1777 555 1848 cogerentur:
572 1769 653 1830 facile
668 1789 700 1830 se
713 1769 770 1829 loci
784 1773 886 1829 natura
901 1768 1074 1828 defensuros
1089 1766 1202 1839 dicunt,
1212 1765 1294 1844 quod
1392 1791 1393 1794 ¹

233 1873 327 1934 prope
346 1875 380 1916 ex
403 1854 539 1915 omnibus
559 1853 689 1934 partibus
709 1853 829 1914 flumine
848 1860 876 1914 et
890 1853 994 1931 palude
1008 1851 1185 1913 circumdata
1198 1868 1293 1910 unum

198 1951 213 2000 6
233 1940 338 2001 habeat
354 1948 382 1999 et
402 1947 610 2018 perangustum
631 1939 750 2000 aditum.
783 1939 873 1999 Datur
891 1936 1058 2016 petentibus
1078 1935 1160 1996 venia
1176 1935 1293 1996 dissua-
1392 1965 1393 1970 1

234 2025 318 2084 dente
337 2024 434 2103 primo
454 2023 699 2102 Vercingetorige,
720 2032 791 2101 post
809 2023 987 2084 concedente
1005 2030 1033 2084 ct
1052 2020 1187 2100 precibus
1208 2019 1292 2098 ipso·
1392 2063 1393 2092 3

232 2119 298 2168 rum
315 2117 343 2169 et
357 2107 555 2169 misericordia
570 2108 654 2185 volgi.
683 2109 857 2168 Defensores
873 2107 982 2186 oppido
1005 2105 1103 2166 idonei
1118 2105 1292 2183 deliguntur.

319 2199 368 2258 16.
405 2192 620 2270 Vercingetorix
645 2192 808 2254 minoribus
835 2191 986 2252 Gaesarem
1011 2190 1161 2252 itineribus
1180 2190 1293 2250 subse·

233 2276 331 2357 quitur
353 2285 381 2338 et
399 2277 498 2338 locum
518 2273 737 2356 castris'deligit
755 2277 908 2356 paludibus
935 2275 1071 2355 silvisque
1088 2275 1237 2336 munitum
1257 2274 1293 2334 ab

233 2429 379 2481 transducet.
826 2420 877 2479 15.
898 2428 919 2477 1.
942 2428 1053 2496 amplius
1072 2427 1093 2476 1.
1110 2426 1148 2491 15,
1160 2426 1184 2476 5.
1197 2454 1233 2463 -
1248 2442 1294 2476 ur·

267 2496 291 2546 9.
315 2501 463 2566 proposita,
488 2497 623 2560 gleichsam
648 2498 735 2561 hinge-
791 2500 841 2548 bea.
859 2495 887 2546 ln
899 2497 946 2546 den
958 2497 1075 2558 wenigen
1087 2494 1193 2558 Stellen,
1211 2494 1235 2543 in
1247 2495 1293 2542 de-

186 2623 188 2627 ?
234 2566 306 2616 stelit
324 2567 472 2629 (einladend)
490 2565 525 2615 ad
556 2581 578 2616 r.
592 2565 734 2631 tollendam,
790 2581 837 2616 nen
850 2564 877 2614 C.
895 2565 920 2614 in
938 2565 992 2614 dem
1009 2563 1089 2629 freien
1103 2562 1202 2613 Gallien
1215 2564 1294 2612 urbes

232 2649 273 2682 um
285 2634 325 2684 die
338 2633 464 2686 Verriitbe
481 2649 512 2683 au
551 2634 735 2696 ebensmittelu,
790 2634 915 2697 erwiibut‚
930 2634 973 2682 bat
985 2633 1029 2681 das
1041 2629 1120 2680 Wort
1131 2645 1179 2679 nur
1190 2630 1231 2680 die
1243 2630 1293 2679 Be-

233 2702 346 2752 (liemon
368 2702 425 2752 dort
446 2702 529 2752 sicher
548 2703 663 2764 glaubte,
685 2701 736 2752 und
790 2703 901 2763 deutung
915 2716 965 2749 von
982 2698 1103 2767 oppidum
1119 2698 1144 2746 in
1162 2698 1218 2748 dem
1232 2697 1256 2748 1.
1267 2698 1293 2764 5,

232 2768 324 2832 Beate,
338 2769 378 2818 die
390 2784 446 2820 anan
458 2770 515 2819 dort
526 2771 629 2819 macben
641 2770 734 2818 kiinnte
789 2769 805 2818 2
818 2767 994 2831 angegebenen
1007 2767 1092 2818 Sinne.

234 2836 373 2900 (nicbttdie
383 2837 441 2886 dort
449 2837 651 2902 uulgespeichert
659 2837 733 2901 lige),
822 2835 846 2886 2.
864 2835 1000 2904 conploratu
1018 2835 1139 2884 victoria:
1159 2831 1183 2882 3.
1202 2831 1248 2897 18,
1267 2831 1291 2882 8.

232 2905 436 2967 wegzunebmen,
449 2902 652 2954 fortzusabalseu.
789 2904 813 2952 5.
826 2903 867 2966 43,
881 2903 905 2953 3.

269 2971 308 3020 tu.
329 2975 438 3036 pacatus
458 2975 606 3034 aestimare,
628 2971 734 3020 n'aiussich
822 2970 847 3020 4.
873 2971 1050 3021 Procumbmat
1069 2971 1185 3020 manibus
1208 2965 1237 3018 G.
1259 2994 1294 3005 —-

233 3053 280 3154 tt
293 3037 735 3167 tttltttrtttddtt‘
788 3037 1294 3168 ltt‘ttttdtltlttltlt„tt*

233 3163 323 3233 secuti
339 3173 420 3234 vergl.
442 3189 474 3221 zu
497 3173 578 3238 1.17,
600 3172 624 3222 2.
651 3173 735 3223 Dur-eb
790 3189 837 3223 nen
850 3172 954 3222 Staaten
967 3173 1006 3222 die
1017 3171 1095 3223 Reda.

232 3241 277 3290 das
293 3239 404 3290 Adverb.
420 3243 529 3305 gnatum
549 3241 614 3290 wird
630 3242 670 3290 die
686 3240 736 3291 Art
823 3240 848 3289 6.
864 3243 983 3308 precibus
998 3243 1047 3308 ipe.
1064 3244 1091 3290 et
1104 3243 1192 3290 mirer.
1210 3238 1294 3304 volgi:

232 3309 278 3358 der
299 3308 453 3371 Sebiitzung,
478 3309 524 3358 der
543 3308 669 3358 Massstab
689 3309 735 3360 be·
789 3309 886 3359 sowohl
897 3309 923 3358 iu
938 3308 1018 3372 Fulge
1034 3309 1080 3358 der
1090 3308 1174 3358 Ritten
1190 3306 1238 3356 der
1250 3307 1292 3356 Bi·

233 3377 358 3442 zeichnet,
380 3376 428 3426 den
448 3392 504 3426 man
525 3377 565 3426 bei
585 3377 624 3428 ihr
640 3376 734 3440 anlegt.
788 3385 839 3426 tur.
871 3377 1001 3444 (precibus
1027 3376 1094 3426 kann
1121 3375 1190 3426 nieht
1216 3373 1294 3424 Dutir

233 3444 316 3496 Unser
327 3445 403 3508 ‘boch
416 3445 504 3508 garing
516 3443 643 3494 sc'h'eitzen’
656 3444 736 3496 bietet
789 3445 867 3508 sein),
883 3445 922 3494 als
940 3445 985 3493 des
1001 3443 1126 3507 Mitleids,
1143 3444 1189 3492 der
1204 3439 1292 3492 Tbeil-

233 3512 344 3564 dieselbe
365 3513 547 3577 Erscbeinung,
571 3514 653 3562 iudem
678 3528 735 3564 zum
788 3514 875 3562 nabme
893 3512 938 3563 der
953 3509 1043 3574 Menge
1062 3510 1145 3576 (uolgi
1160 3509 1292 3560 Subiecta-

231 3580 309 3631 Verb.
327 3595 438 3644 gezogcn
454 3581 531 3644 wird,
548 3595 601 3630 was
616 3580 736 3632 Priidicat
788 3580 910 3644 genitu),
928 3579 1033 3630 niimlich
1049 3578 1095 3629 der
1106 3578 1210 3641 iibrigen
1224 3576 1292 3628 Gall.

232 3649 277 3698 des
294 3649 456 3712 gescbittzten
473 3647 663 3710 Gegenstaudas
680 3649 734 3699 sein
788 3647 983 3712 Vercingetorix
993 3661 1048 3700 war
1059 3647 1179 3711 dagegen‚
1191 3645 1251 3695 weil
1264 3661 1294 3697 er

233 3716 319 3768 sollte.
336 3716 423 3780 Vergl.
436 3716 487 3766 Cic.
504 3716 579 3768 Verr.
595 3716 620 3780 4,
635 3715 732 3779 tuat:
788 3716 854 3765 wohl
865 3717 967 3778 electe,
985 3715 1043 3764 dass
1059 3715 1130 3764 diese
1141 3713 1205 3764 Eine
1222 3713 1292 3764 Aus-

233 3783 315 3834 Iurrit
333 3783 519 3836 Temarcbtdem
539 3787 676 3834 metisca-re
691 3799 735 3834 ar·
788 3784 876 3834 nahme
897 3784 937 3834 die
958 3779 1130 3848 Aulcplerung
1155 3796 1183 3834 so
1209 3781 1293 3832 violer
1392 3799 1393 3804 ¹

230 3856 347 3915 gentum.
372 3852 426 3915 Quo
442 3853 535 3903 modo?
556 3867 604 3918 quo
621 3855 665 3917 put
678 3867 735 3902 cm·
788 3851 878 3901 sttdte
899 3851 999 3900 uutzlos
1020 3851 1122 3900 macheu
1147 3849 1237 3900 wiirde
1259 3850 1291 3912 (c.
1392 3861 1393 3864 ’

233 3935 309 3983 pacm
325 3923 514 3971 testatissima
527 3923 556 3970 eia
571 3921 735 3971 donationem
788 3918 829 3982 30,
839 3918 882 3980 2.).
891 3945 925 3956 --
938 3934 969 3986 op
987 3917 1029 3967 ido
1041 3918 1076 3968 ist
1086 3917 1155 3968 nicht
1166 3924 1234 3968 etwa
1245 3917 1293 3968 mit
1392 3981 1393 3984 Ἴ

232 3987 386 4038 munuum
396 3991 548 4040 assentatu.
786 3985 873 4038 adunci
882 4003 915 4036 zu
926 3933 1072 4038 veritatem
