2798 4482
215 355 277 416 166
577 353 620 402 DE
640 351 746 404 BELLO
766 351 907 404 GALLICO

197 515 284 580 rent,
298 513 331 566 ut
345 525 418 584 quae
429 506 551 566 celerem
563 513 648 586 atque
659 505 821 566 instabilem
834 515 948 568 motum
958 508 1105 582 haherent,
1120 507 1273 569 adnutum

175 601 191 654 6
213 601 241 653 et
255 592 291 652 ad
305 597 422 668 tempus
440 609 542 650 omnes
558 610 605 651 res
621 591 656 650 ab
672 589 706 649 iis
723 591 1003 652 administrarentur.
1030 593 1082 652 His
1099 593 1228 654 dimissis
1245 602 1272 654 et

210 683 329 736 ventum
350 682 378 735 et
398 687 510 736 aestum
529 691 589 736 uno
610 682 742 753 tempore
761 683 863 736 nactus
883 678 1045 737 seeundum
1060 679 1127 738 dato
1144 679 1228 756 signo
1245 685 1273 738 et

211 760 331 822 sublatis
352 759 466 821 ancoris
487 760 599 820 circiter
618 760 695 819 milia
714 779 855 838 passuum
876 769 989 840 septem
1008 762 1043 822 ah
1063 781 1097 822 eo
1117 762 1183 822 loco
1199 781 1270 842 pro-

209 863 330 923 gressus
345 856 445 923 aperto
461 845 494 904 ac'
508 844 596 923 plano
612 844 695 903 litore
710 863 797 905 naves
814 847 973 906 constituit.
1200 900 1201 903 ,

295 935 348 994 24.
380 929 419 988 At
443 929 558 989 barbari
584 928 706 988 consilio
735 928 938 990 Romanorum
964 931 1081 1008 cognito
1106 931 1269 1010 praemisso

210 1014 338 1094 equitatu
352 1020 380 1072 et
395 1013 564 1084 essedariis,
581 1032 639 1092 quo
655 1013 826 1092 plerumque
841 1032 946 1092 genere
960 1015 991 1074 in
1007 1015 1124 1093 proeliis
1139 1016 1183 1076 uti
1199 1034 1270 1076 con-

210 1105 347 1169 suerunt,
367 1097 485 1176 reliquis
506 1097 597 1176 copiis
620 1097 767 1158 subsecuti
782 1107 902 1160 nostros
918 1099 1039 1160 navibus
1055 1100 1152 1178 egredi
1167 1101 1270 1179 prohi-

173 1191 188 1242 2
209 1183 325 1243 hebent.
352 1183 422 1242 Erat
438 1183 475 1241 ob
490 1182 543 1242 bas
560 1201 660 1243 causas
677 1201 792 1244 summa
807 1183 976 1256 difficultas
998 1186 1077 1263 quod
1095 1203 1182 1244 nares
1199 1204 1270 1263 pro-

210 1276 276 1347 pter
293 1267 522 1344 magnitudinem
542 1267 599 1327 nisi
618 1267 648 1326 in
664 1268 721 1328 alto
734 1268 875 1328 constitui
889 1287 950 1328 non
966 1277 1113 1346 poterant,
1133 1269 1271 1330 militibus

196 1353 308 1412 *autem
332 1351 440 1429 ignotis
464 1351 549 1425 loeis,
576 1351 723 1430 impeditis
743 1352 878 1412 manibus
910 1371 1017 1430 magno
1038 1362 1065 1413 et
1085 1354 1164 1432 gravi
1185 1372 1291 1414 onere

212 1455 360 1497 armorum
382 1436 533 1515 oppressis
553 1437 641 1497 simul
662 1444 689 1497 et
708 1438 743 1496 de
763 1437 883 1497 navibus
905 1438 1095 1498 desiliendum
1115 1445 1150 1498 et
1169 1438 1200 1497 in
1215 1439 1272 1498 llu-

174 1535 189 1584 3
212 1521 305 1582 ctibus
325 1520 545 1580 consistendum
565 1529 594 1580 et
614 1539 681 1581 cum
699 1521 834 1581 hostibus
854 1529 915 1582 erat
929 1523 1132 1600 pugnandum,
1152 1541 1219 1582 cum
1234 1523 1273 1583 illi

211 1613 260 1667 aut
279 1623 314 1665 ex
333 1605 414 1666 arido
435 1614 483 1665 aut
499 1606 619 1684 paulum
638 1605 669 1665 in
689 1623 793 1684 aquam
812 1607 962 1685 progressi
979 1607 1116 1668 omnihus
1131 1607 1272 1668 membris

210 1690 363 1769 expeditis
382 1688 545 1750 notissimis
564 1690 636 1750 locis
657 1691 791 1750 audacter
810 1692 865 1752 tela
885 1691 1051 1752 conicerent
1070 1700 1098 1752 et
1117 1710 1209 1770 equos
1225 1693 1271 1752 in-

173 1788 190 1837 4
210 1777 356 1835 suesoctos
377 1775 536 1835 incitarent.
568 1775 681 1846 Quibus
702 1775 789 1835 rebus
809 1776 903 1835 nostri
923 1776 1068 1854 perterriti
1083 1783 1167 1854 atque
1182 1777 1269 1837 huius

209 1860 332 1919 omnino
354 1859 466 1937 generis
488 1877 603 1938 pugnae
623 1859 748 1937 imperiti
764 1878 825 1919 non
841 1860 941 1920 eadem
956 1859 1099 1920 alacritate
1114 1880 1148 1921 ac
1164 1862 1270 1934 studio,

210 1963 268 2022 quo
284 1943 313 2002 in
329 1942 512 2020 pedestribus
528 1942 571 2003 uti
585 1943 703 2021 proeliis
720 1953 904 2018 consuerant,
919 1945 1093 2005 nitebantur.

293 2035 347 2093 25.
381 2028 468 2100 Quod
486 2028 537 2088 ubi
552 2027 657 2088 Caesar
676 2028 890 2101 animadvertit,
915 2047 1002 2090 naves
1017 2030 1133 2108 longas,
1148 2049 1272 2109 quarum

209 2119 238 2172 et
252 2111 365 2191 species
385 2119 445 2172 erat
464 2111 596 2172 barbaris
611 2112 778 2173 inusitatior
792 2121 933 2174 etmotus
949 2115 985 2175 ad
1000 2133 1088 2175 usum
1103 2116 1271 2194 expeditior,

209 2249 248 2298 die
261 2247 343 2298 Natur
354 2250 399 2299 des
411 2247 604 2312 llriegswescns
622 2265 645 2297 u.
659 2249 712 2297 ins·
800 2247 824 2297 2.
841 2251 939 2314 igeeotis
951 2249 1012 2299 locis
1024 2251 1073 2300 wic
1086 2268 1107 2301 c.
1123 2252 1150 2314 1,
1166 2252 1197 2301 10
1207 2252 1271 2304 leals

208 2316 348 2366 besonderc
378 2314 637 2379 desliriegswesens
665 2331 713 2364 zur
756 2315 1271 2381 smffldtesirnta;cbensonachbernota'e-

209 2383 258 2434 Sec
281 2385 337 2446 (ree
357 2387 458 2448 maret.)
481 2385 625 2447 verlangte3
647 2384 711 2432 dazu
764 2386 838 2433 stante
851 2384 920 2436 locis.
934 2413 967 2421 —
979 2386 1059 2436 emal
1069 2391 1095 2436 at
1105 2416 1139 2422 -
1152 2391 1210 2436 eret
1218 2405 1268 2456 pa-

209 2451 247 2502 als
265 2452 431 2502 erkl'drender
443 2453 541 2504 Grund:
558 2455 589 2501 et
603 2467 667 2516 qnae
677 2473 712 2494 =
762 2451 904 2516 gramadum.
922 2453 1087 2516 Schildernng
1099 2455 1143 2503 des
1153 2454 1269 2518 Drangcs

209 2520 298 2586 quippe
326 2535 388 2584 quae
414 2520 519 2584 (Zumpt
539 2517 555 2584 ξ
578 2517 655 2582 565);
680 2519 711 2568 da
764 2520 810 2568 der
836 2519 984 2582 Umst'aindc,
1020 2521 1060 2570 die
1088 2523 1268 2572 verschiedene

208 2587 351 2636 dem'selbcn
376 2589 431 2638 eine
456 2587 567 2638 salinelle
591 2586 640 2637 und
663 2603 710 2636 un-

208 2656 275 2705 st'aite
297 2655 493 2718 Bcwegliebleit
514 2656 589 2717 eigen
608 2655 657 2717 sei,
679 2671 711 2704 zu

208 2723 302 2772 seinem
314 2721 412 2772 Wesen
426 2725 533 2786 gehiire3
547 2721 712 2772 adnzirzbtra-

207 2794 299 2840 rentur
319 2805 368 2840 von
380 2794 480 2841 arcannii
491 2789 626 2852 abhiingig‚
648 2791 711 2838 ohne

206 2862 243 2906 nt.
260 2886 293 2894 —
310 2857 345 2906 ad
358 2861 464 2908 netum:
486 2855 539 2906 ‘auf
553 2857 600 2904 den
616 2855 710 2920 wille,

207 2925 267 2986 geht
278 2923 324 2972 aul
339 2925 386 2972 den
403 2925 469 2974 celer
484 2927 581 2987 metue,
599 2922 634 2971 ad
649 2928 712 2972 ten-

204 3003 269 3058 pus:
287 2991 333 3038 ‘im
345 2992 445 3040 rechten
459 2988 638 3053 Augenblick'‚
653 2993 712 3052 geht

206 3057 252 3106 auf
258 3057 481 3122 baetabe'le'sneotur,
493 3058 711 3107 beidemeswich-

207 3125 244 3186 tig
261 3124 312 3185 sei,
336 3124 375 3173 dic
393 3125 445 3174 sich
461 3125 577 3174 hietende
595 3125 711 3188 giinstige

208 3189 375 3252 Gelegcnbeit
388 3192 500 3255 segleicb
513 3207 545 3240 zu
557 3191 693 3254 crgreilcn.

239 3259 265 3308 6.
287 3262 434 3310 acclamet
453 3263 554 3309 aestum
577 3257 668 3322 (3.12‚
687 3258 710 3322 1)

207 3325 355 3376 secundnm.
384 3326 439 3377 Liv.
453 3325 494 3375 26.
508 3326 553 3378 45:
570 3329 711 3394 septentrio

207 3398 281 3444 ortes
291 3392 386 3460 cedern,
397 3411 445 3460 qne
454 3398 549 3459 aestate,
555 3393 671 3459 serebat.
678 3422 712 3430 —-

207 3465 297 3542 aperto
307 3476 336 3510 ao
345 3461 424 3580 planae
434 3462 484 3513 lit:
497 3463 536 3526 da,
549 3477 588 3510 wo
600 3463 643 3512 das
650 3459 712 3512 Ufer

207 3529 276 3579 nicht
287 3544 335 3579 von
367 3530 438 3579 elsen
448 3529 652 3593 eingeschlossen
661 3529 712 3578 und

208 3597 279 3660 eben,
293 3599 353 3647 flach
365 3613 426 3647 war.
447 3598 485 3647 An
498 3599 542 3647 das
555 3597 617 3648 Uler
629 3596 710 3646 selhst

207 3663 301 3714 konntc
323 3679 352 3714 er
372 3666 432 3714 nach
450 3681 471 3714 c.
486 3663 560 3728 24‚2
582 3665 650 3714 nicht
665 3679 710 3726 ge-

207 3731 249 3782 lan
268 3747 308 3782 en.

240 3747 294 3848 254·
316 3799 338 3848 1.
362 3799 508 3850 essedariis.
527 3799 558 3853 S.
575 3799 614 3848 die
628 3798 711 3849 Schil-

207 3865 613 3934 derungc.33.-rea'q1ascopan
622 3869 712 3917 eubae-

206 3935 266 3981 eete'.
295 3933 322 3982 S.
339 3950 371 3983 zu
383 3933 408 3982 2.
422 3933 449 3997 7,
464 3933 487 3984 3.
499 3963 533 3972 -
548 3933 639 4000 egredi
646 3949 709 4001 pro·

183 4027 195 4076 i
206 3997 333 4049 bibebant.
357 4001 383 4050 S.
394 3999 418 4051 2.
430 4000 455 4064 4,
466 4000 491 4051 2.

764 2585 926 2650 Handlungen
951 2587 997 2636 aul
1017 2588 1108 2638 einmal
1120 2590 1206 2652 niithig
1217 2605 1271 2640 rna-

765 2655 835 2718 chen‚
848 2656 897 2705 wic
910 2653 933 2704 2.
947 2654 988 2718 20,
1003 2654 1025 2704 1.

800 2720 823 2771 3.
850 2723 1021 2788 insuefactos,
1043 2723 1121 2772 daran
1141 2726 1269 2789 gewdbut,

766 2789 929 2853 abgaricbtet,
942 2790 1035 2840 lrommt
1048 2798 1120 2840 sonst
1132 2791 1200 2841 nicht
1212 2808 1268 2842 vor.

800 2856 824 2904 4.
854 2857 942 2906 eadem
964 2857 1096 2908 acenteta
1118 2873 1148 2907 ac
1173 2860 1268 2924 studio,

766 2939 823 2989 qao.
850 2923 910 2974 Wie
932 2923 959 2973 C.
981 2932 1053 2975 sonst
1073 2925 1142 2974 diese
1159 2925 1270 2976 Verbin-

766 2991 834 3053 dung
866 2993 1061 3042 verschiedencr
1090 2992 1271 3045 Gesehlecbter

765 3057 909 3108 vermiedcn
918 3060 969 3122 hat,
980 3075 1001 3108 s
1011 3059 1068 3110 z.B.
1078 3059 1102 3108 2.
1114 3058 1137 3124 3,
1148 3061 1176 3108 5:
1189 3078 1271 3112 unam

765 3128 902 3192 depeream
929 3143 1058 3192 anumque
1085 3131 1271 3192 magistratum

765 3193 882 3242 babeant.
916 3221 951 3228 -
984 3197 1132 3245 nitebantur
1169 3196 1271 3247 absolut

768 3259 846 3323 (dena
867 3259 1000 3312 alacritate
1016 3277 1045 3310 ac
1062 3261 1148 3312 stedia
1170 3264 1270 3327 biiugen

765 3327 834 3376 nicht
849 3343 898 3377 von
915 3331 961 3377 nit.
974 3328 1018 3392 ab)
1036 3352 1070 3371 =
1083 3330 1119 3379 sie
1137 3336 1270 3394 strengten

767 3395 819 3444 sich
832 3409 876 3458 an,
894 3394 1007 3446 strcbten
1020 3412 1051 3446 an
1064 3397 1118 3447 mit
1129 3395 1270 3462 Lebendig·

764 3462 818 3512 lreit
833 3463 885 3512 und
900 3461 978 3512 Eiler.
1006 3463 1093 3526 Vergl.
1107 3464 1133 3512 B.
1148 3464 1175 3520 C.
1191 3465 1214 3514 1.
1228 3465 1269 3528 45,

767 3529 793 3578 6:
816 3533 900 3580 tamen
912 3533 1008 3582 virtute
1024 3535 1050 3580 et
1066 3535 1194 3598 patientta
1205 3536 1270 3582 nite·

766 3600 860 3647 battua
876 3602 953 3664 alque
969 3601 1054 3648 omnia
1070 3599 1177 3649 vulnera
1189 3603 1270 3650 rusb·

764 3667 865 3715 nebant.
881 3665 988 3727 (Ebend.
1002 3664 1042 3729 46,
1056 3664 1084 3714 3:
1102 3670 1198 3718 certate
1210 3681 1270 3717 con-

764 3735 865 3796 nititur)
880 3749 902 3782 u.
917 3731 940 3782 3.
954 3733 994 3796 45,
1010 3733 1034 3782 1:
1052 3749 1149 3798 megene
1160 3737 1188 3784 cd
1199 3738 1270 3785 eter-

765 3816 813 3864 qae
830 3803 973 3866 nitebatur,
989 3804 1020 3850 ot
1030 3827 1078 3850 -.
1102 3801 1130 3850 B.
1144 3800 1174 3851 G.
1191 3803 1214 3850 7.
1228 3800 1269 3866 63,

765 3865 793 3915 2:
804 3866 839 3918 ad
842 3866 1016 3917 sollicitandas
1021 3870 1269 3920 civitatesnitnntnr.

797 3926 852 3984 25.
873 3935 894 3984 1.
912 3939 999 3984 neotus
1015 3963 1050 3971 ——
1067 3935 1220 4003 expeditior.
1245 3933 1269 3986 3.

768 4001 811 4065 13,
825 4002 853 4050 l:
874 4005 906 4052 et
924 4017 977 4052 ena
997 4001 1125 4054 celerttata
1144 4007 1172 4054 et
1188 4001 1271 4073 pelen
