2828 4480
551 327 583 379 v.
604 327 722 379 11-13.
1101 329 1161 392 187

103 477 238 570 Nascitur
252 477 292 540 ibi
307 479 458 558 plumbum
474 479 572 542 albuin
586 480 617 541 in
631 481 848 544 mediterraneis
863 480 1038 561 regionibus,
1052 483 1083 544 in
1097 502 1162 545 ma·
1182 490 1197 540 5

103 562 209 623 ritimis
228 565 347 638 serrum,
368 564 419 625 sed
433 564 495 625 eius
507 565 607 643 exigua
619 573 664 627 est
674 567 771 646 eopia3
786 585 851 628 aere
861 575 984 628 utuntur
993 565 1160 646 importato.
1222 611 1227 616 -

52 701 60 711 ,
102 647 220 709 Materia
245 648 384 728 utriusque
408 649 521 728 generis
540 651 620 711 utin
641 651 729 714 Gabia
754 659 798 712 est
822 661 936 731 praeter
954 652 1051 728 sagum
1077 660 1162 731 atque

103 731 235 794 abietem.
262 734 405 813 Leporem
420 741 448 794 et
462 734 594 812 gallinam
610 743 637 796 et
648 754 780 796 anserem
792 744 907 814 gustare
918 738 961 797 las
974 753 1036 796 non
1046 745 1162 816 putant3
1183 744 1199 794 6

102 818 175 878 baec
189 825 288 879 tamen
303 819 383 880 alunt
397 818 486 879 animi
501 820 711 900 voluptatisque
727 840 819 882 eausa.
845 821 922 883 Loca
937 829 1006 882 sunt
1017 829 1161 901 tempera-

103 902 178 963 tiora
194 921 281 982 quam
297 904 328 964 in
344 903 434 964 Gabia
450 903 665 966 remissioribus
682 906 846 983 frigoribus

190 992 241 1054 13.
270 988 367 1049 lnsula
386 997 487 1049 natura
505 989 658 1068 triquetra,
684 990 766 1051 ouius
791 1009 884 1052 unum
903 990 977 1051 latus
998 999 1041 1053 est
1061 999 1163 1054 eontra

103 1071 233 1134 Galliam.
260 1072 354 1134 Huius
365 1073 459 1134 lateris
473 1074 543 1135 alter
554 1075 685 1153 angulus,
702 1075 752 1153 qui
766 1083 810 1136 est
824 1076 860 1136 ad
875 1074 1016 1150 Cantium,
1031 1077 1163 1155 quesere

104 1174 208 1217 omues
224 1157 361 1244 err-Gallia
381 1175 468 1219 naves
483 1159 679 1238 appelluutur,
698 1161 734 1220 ad
754 1160 895 1221 orientem
916 1160 1021 1234 solem,
1041 1161 1161 1222 interior
1182 1155 1184 1161 ’

102 1241 138 1302 ad
153 1241 303 1302 meridiem
320 1251 438 1323 spectat.
468 1243 532 1304 Hoo
551 1245 675 1324 pertinet
694 1244 807 1306 circiter
825 1245 902 1306 milia
916 1264 1057 1325 passuum
1072 1246 1159 1324 quin·
1181 1258 1197 1309 2

103 1335 196 1404 genta.
232 1327 360 1388 Alterum
378 1327 469 1406 vergit
488 1329 524 1390 ad
543 1329 711 1408 Hispaniam
737 1337 821 1408 atque
847 1330 1027 1391 occidentem
1054 1331 1160 1405 solem,

103 1429 159 1490 qua
174 1431 210 1471 er
224 1420 306 1491 parte
320 1420 365 1474 est
379 1412 530 1486 Hibernia,
551 1413 670 1476 dimidio
686 1413 798 1488 minor,
817 1422 849 1476 ut
868 1414 1050 1487 aestimatur,
1071 1433 1159 1494 quam

102 1495 263 1571 Britannia,
279 1498 329 1558 sed
344 1497 408 1576 pari
423 1498 517 1577 spatio
532 1498 722 1559 transmissus
738 1507 824 1578 atque
838 1518 873 1559 ex
888 1497 975 1560 Gallia
989 1506 1033 1559 est
1048 1499 1078 1559 in
1093 1500 1159 1560 Bri·

102 1580 241 1641 tanniam.
271 1581 304 1642 ln
323 1583 381 1642 boe
395 1582 491 1643 medio
507 1601 596 1643 eursu
610 1590 654 1643 est
668 1583 776 1655 insula,
796 1602 870 1661 quae
884 1583 1045 1662 appellatur
1057 1584 1158 1645 Mona:
1179 1599 1195 1651 3

102 1665 269 1744 complures
290 1675 436 1745 praeterea
456 1666 585 1727 minores
598 1668 743 1728 subieetae
762 1668 871 1729 insulae
891 1667 1104 1742 existimantur3
1124 1669 1160 1730 de

103 1750 208 1829 qrribus
223 1750 326 1812 insulis
341 1751 473 1812 nonnulb
487 1751 667 1832 seripserunt
678 1752 739 1812 dies
755 1752 911 1812 continuos
922 1771 978 1812 xxx
989 1753 1043 1813 sub
1054 1752 1159 1815 bruma

101 1854 165 1896 esse
177 1843 303 1897 noctem.
328 1836 389 1896 Nos
401 1835 472 1896 nibil
483 1836 519 1896 de
529 1855 563 1896 eo
578 1837 846 1916 percontationibus
861 1836 1086 1916 reperiebamus,
1101 1837 1159 1900 nisi
1178 1846 1195 1896 4

102 1919 188 1981 oertis
203 1939 238 1980 ex
253 1939 328 1999 aqua
342 1919 486 1982 mensuris
501 1921 653 1982 breviores
660 1940 724 1984 esse
735 1941 821 2002 quam
837 1921 867 1982 iu
883 1921 1041 1984 continenti
1055 1931 1157 1986 nootas

102 2072 142 2122 die
158 2070 325 2134 Wobuuugeu
344 2072 389 2122 der
405 2069 435 2123 G.
452 2073 495 2122 bat
511 2072 538 2122 C.
556 2087 604 2122 nur
657 2075 862 2141 παραπλησίως
896 2074 929 2144 τῇ
962 2075 1076 2126 Σικελία
1109 2069 1159 2132 τὰς

103 2140 142 2189 die
166 2139 263 2189 kurzon
287 2137 396 2190 nouzon
420 2156 442 2190 e.
465 2139 511 2204 43,
535 2139 558 2190 1.
579 2141 603 2190 6.
657 2139 779 2210 πλευρὰς
800 2136 850 2192 οὐκ
871 2135 1024 2198 ἰσοκώλους
1042 2139 1105 2209 ἔχει.
1123 2169 1159 2182 -

105 2206 144 2273 30,
157 2206 183 2256 3.
307 2213 310 2218 ’
657 2225 791 2260 manetem
804 2207 884 2261 Gallu
893 2225 980 2260 naver.
998 2210 1024 2262 S.
1037 2225 1069 2260 zu
1081 2210 1105 2261 4.
1116 2209 1157 2275 33,

136 2269 166 2324 4.
181 2274 373 2339 tuleiafmeis:
382 2275 603 2338 ltngliohestiiok-

104 2343 164 2392 eben
175 2341 260 2404 Eiseu,
270 2341 468 2392 Eisonst'ribeben
479 2343 602 2406 (barren),

103 2410 151 2460 wie
164 2411 227 2459 auob
240 2410 286 2459 der
297 2423 335 2472 gr.
349 2404 448 2475 ὀβολός
462 2411 603 2474 urspriing-

103 2477 152 2527 liab
164 2477 205 2526 ein
223 2477 321 2527 kleines
336 2476 512 2540 stublormiges
525 2478 604 2527 stiiok
626 2489 634 2495 ·

103 2542 201 2610 llupler
217 2545 279 2595 oder
289 2544 366 2594 Eiseu
381 2539 494 2610 (ὀβελός)
508 2560 569 2594 wer.

137 2613 162 2662 5.
187 2611 320 2680 plmnbmn
334 2612 432 2664 albuin:
452 2611 528 2674 Zion,
549 2627 603 2661 wo-

102 2680 149 2730 mit
164 2680 205 2729 die
223 2680 284 2730 brit.
298 2680 374 2729 sebon
390 2681 416 2730 iu
428 2681 477 2730 deu
493 2679 603 2730 tiltesteu

103 2747 208 2811 Zeiteu,
230 2747 367 2798 besouders
383 2748 429 2797 mit
446 2748 494 2797 deu
510 2746 604 2796 Pudui-

103 2817 174 2865 zieru
184 2814 281 2864 llandel
290 2815 462 2866 trieben—in
471 2814 603 2866 meditarr.

103 2885 265 3001 ruffinum,
282 2883 376 2933 iudom
393 2884 511 2946 beutigeu
522 2882 604 2933 Coru-

103 2967 127 3001 w
164 2987 172 3000 .

137 3018 162 3068 6.
197 3021 278 3068 madeat
303 3018 489 3088 adeptamque
518 3034 603 3070 αααεα.

104 3087 175 3138 ΑιιαΙι
185 3086 309 3136 bierwird
315 3087 395 3138 desan
401 3087 604 3150 siobgenbgeude

104 3157 186 3205 arubae
203 3169 283 3204 eausa
304 3154 441 3216 (zurLust
458 3155 481 3204 7.
498 3154 603 3218 7210>

104 3221 603 3290 dumba-oloptatuqoannlerbestimmt.

104 3318 138 3327 -
149 3305 214 3341 rem,
219 3290 372 3355 frigoribus
386 3289 457 3350 (Abl.
470 3289 537 3353 aba.)
549 3289 605 3340 bier

104 3357 175 3407 ulobt
183 3357 285 3420 Fruere,
298 3358 406 3407 sordem
419 3357 459 3406 dle
468 3353 553 3420 burto,
565 3357 604 3406 als

104 3424 277 3474 klimatlseber
300 3423 428 3488 Znstand,
458 3424 533 3474 dureb
557 3425 605 3474 deu

106 3491 173 3542 lister
189 3492 230 3541 bei
248 3491 440 3556 Substantiveu,
462 3491 503 3541 die
524 3494 604 3542 etwas

105 3559 298 3610 thliudliobes
316 3560 448 3623 bedenten,
466 3559 604 3622 gebruueb-

105 3634 147 3678 ten
158 3627 258 3690 Plural‚
276 3642 315 3676 wo
328 3627 376 3676 wir
391 3627 432 3676 ibn
450 3626 518 3676 uiebt
528 3627 604 3676 brau-

105 3697 166 3746 eben
187 3695 303 3755 kduueu3
325 3709 353 3744 so
374 3695 435 3744 oueb
453 3695 486 3743 im
503 3691 604 3744 Griecb.

105 3757 182 3830 ψύχη
198 3763 249 3812 und
266 3757 371 3827 θάλπη.
397 3761 470 3823 (Tae.
483 3759 545 3824 Agr.
561 3761 603 3811 12:

104 3829 503 3964 “qffmiffifpwb‘sslla
516 3897 567 3948 su.
580 3897 604 3947 5.

104 3965 149 4016 21:
172 3967 213 4034 τῷ
232 3960 355 4033 σχήματι
379 3969 514 4036 τρίγωνος
534 3954 606 4016 οὖσα

659 2278 681 2326 1.
698 2305 733 2314 -
747 2278 858 2343 lasoitm
881 2278 937 2327 dem
958 2279 1076 2342 vorberp.
1093 2277 1159 2330 alter

657 2346 847 2410 eutspreebend.

691 2411 715 2461 2.
742 2416 868 2480 perteret.-
894 2411 1029 2462 ‘erstreolt
1049 2411 1109 2463 sieb'
1131 2413 1158 2462 iu

657 2480 742 2529 dieser
761 2480 953 2529 siidwestlieben
973 2479 1105 2542 nieutona.
1133 2479 1157 2530 6.

659 2547 698 2608 10,
712 2547 740 2596 5:
753 2546 829 2612 longa
839 2550 972 2597 antrorum
981 2549 1122 2614 pertinere.

691 2613 715 2663 3.
735 2617 797 2681 puri
806 2617 890 2681 spatio
903 2617 1086 2664 trarrsnmeue:
1106 2630 1157 2664 von

657 2682 768 2745 gleieber
780 2681 938 2743 llutleruuug
950 2683 996 2730 der
1007 2680 1158 2732 Ueberlabrt

658 2751 733 2811 (nueb
745 2749 820 2811 Brit.)
838 2749 887 2798 wie
903 2748 942 2798 die
954 2765 1004 2798 vou
1017 2747 1157 2800 Gall'naeb

657 2817 719 2867 Brit.
733 2821 840 2867 temeson.
853 2817 931 2880 bdugt
942 2832 991 2866 von
1000 2819 1062 2883 part
1072 2821 1156 2886 spatio

659 2884 723 2947 (ΑΜ.
736 2885 811 2950 qual.)
825 2883 865 2934 ab.

692 2951 716 3001 3.
750 2952 832 3003 medio
859 2967 938 3004 earm
962 2974 998 2996 ει
1022 2955 1049 3003 t'a
1074 2951 1157 3003 medio

658 3024 814 3072 transmissu
834 3021 895 3070 oder
916 3024 1039 3071 traiectu:
1063 3021 1088 3070 iu
1112 3021 1159 3070 der

657 3088 731 3138 Mitte
750 3089 797 3138 der
816 3087 907 3155 Fabrt,
930 3089 976 3138 aul
994 3089 1049 3139 dem
1069 3089 1158 3139 halben

658 3155 749 3219 Wege.
764 3182 799 3193 ·-
814 3159 953 3208 subactae:
974 3156 1000 3208 iu
1022 3157 1067 3207 der
1086 3155 1157 3207 Niilre

659 3224 722 3284 (von
739 3224 816 3287 brit.)
835 3224 943 3288 liegend.
960 3252 995 3260 -
1011 3223 1042 3274 da
1053 3227 1159 3290 quibus.-

658 3290 1038 3352 ‘biusiebtlicbwelcherluselu¹,
1049 3292 1094 3342 mit
1102 3293 1158 3342 dem

658 3359 717 3422 solg.
735 3359 824 3408 Obieet
843 3360 888 3408 des
909 3361 1081 3428 sumpserunt:
1102 3375 1158 3408 esso

657 3431 770 3491 noctem,
788 3425 844 3476 eine
857 3425 965 3490 bebere,
979 3425 1019 3475 bin
1032 3427 1083 3475 uod
1094 3425 1158 3474 wie-

659 3495 712 3557 der,
725 3493 821 3543 hesim
836 3493 1082 3543 erziibleudeustile
1096 3508 1157 3542 vor-

658 3559 1026 3622 lrommeudeSutzverbiudung
1036 3559 1086 3623 (fiir
1094 3559 1158 3610 wel-

659 3630 705 3679 obe
717 3629 848 3691 eugerell.
873 3627 924 3677 Cio.
937 3627 1012 3677 Verr.
1025 3627 1049 3676 4.
1065 3627 1108 3676 18:
1127 3627 1158 3678 da

658 3697 705 3748 boe
719 3696 846 3758 (Diodoro)
858 3695 941 3747 Verri
951 3693 1050 3760 muter,
1064 3695 1157 3746 babere

658 3781 717 3814 eum
737 3765 852 3830 perteue
875 3766 1027 3813 toreumata.
1050 3787 1086 3800 ·-
1108 3765 1156 3814 sub

658 3828 1156 3882 burna:zurZeitderWiutersouneu-
1224 3869 1227 3876 ,

659 3899 756 3948 wanda,

693 3965 718 4016 4.
740 3967 793 4015 niet
806 3991 840 4002 -
851 3964 1005 4017 addebamus.
1024 3965 1075 4018 Cio.
1087 3964 1157 4018 Fam
