2798 4482
207 339 267 402 120

568 339 612 390 nn
630 338 738 419 amno
756 319 899 389 cannrc'o

205 494 350 553 facturum
370 491 558 572 finitimisque
583 492 807 572 imperaturum,
833 510 870 552 ne
891 511 978 571 quam
998 491 1140 552 dediticiis
1161 493 1264 573 populi

168 593 184 643 3
204 577 330 639 Romani
341 575 477 638 iniuriam
488 577 637 638 inferrent.
660 577 703 636 Re
713 576 842 638 nuntiata
854 577 890 636 ad
902 595 982 650 suos,
997 595 1070 656 quae
1080 577 1264 656 imperaren-

168 675 185 727 4
205 662 378 746 turniacere
397 662 538 722 dixerunt.
572 663 731 723 Armomm
748 679 853 738 magna
867 660 1051 736 multitudine
1071 661 1106 720 de
1125 681 1210 722 muro
1231 663 1263 722 in

205 747 331 818 fossam,
354 763 426 824 quae
445 755 506 806 erat
525 754 590 806 ante
610 746 767 825 oppidum,
787 745 872 818 iacta,
893 745 937 806 sic
955 753 988 806 ut
1007 764 1100 824 prope
1116 765 1261 807 summam

204 829 282 892 muri
297 830 466 908 aggerisque
481 830 660 891 altitudinem
675 830 769 891 acervi
785 849 935 890 armcmm
951 831 1155 908 adaequarent,
1172 839 1203 891 ct
1217 839 1262 892 ta·

205 933 275 976 men
291 915 403 974 circiter
417 923 499 994 parte
513 915 609 989 tertia,
631 923 664 974 ut
678 923 780 993 postea
795 921 983 993 perspectum
999 922 1056 988 est,
1076 914 1163 976 celata
1177 923 1263 994 atque

180 1004 182 1017 '
206 999 237 1059 in
253 998 363 1078 oppido
379 1006 491 1060 retenta
506 999 599 1078 portis
615 1000 764 1078 patefactis
780 1018 814 1058 eo
831 999 877 1064 die
892 1018 965 1078 pace
980 1007 1049 1060 sunt
1063 999 1117 1060 usi.

292 1087 343 1150 33.
375 1083 435 1144 Sub
451 1102 606 1162 vesperum
621 1084 725 1144 Caesar
744 1090 845 1162 portas
862 1083 958 1144 claudi
978 1084 1141 1162 militesque
1156 1103 1190 1144 ex
1206 1103 1261 1162 op-

206 1168 276 1246 pido
293 1168 370 1228 exire
384 1168 481 1242 iussit,
501 1186 538 1228 ne
553 1187 640 1247 quam
654 1176 745 1228 noctu
766 1167 906 1246 oppidani
923 1168 958 1228 ab
974 1169 1112 1228 militibus
1129 1167 1264 1229 iniuriam

169 1265 184 1316 2
207 1251 379 1331 acciperent.
403 1253 444 1313 llli
460 1260 526 1312 ante
540 1253 621 1324 inito,
635 1261 668 1314 ut
682 1253 858 1314 intellectum
873 1260 925 1326 est,
941 1253 1071 1326 consilio,
1087 1253 1166 1331 quod
1181 1253 1264 1312 dedi-

204 1335 285 1396 tione
300 1337 374 1397 lacta
390 1345 509 1398 nostros
525 1338 668 1416 praesidia
681 1338 856 1398 deducturos
869 1344 918 1397 aut
929 1337 1053 1416 denique
1068 1337 1266 1414 indiligentius

206 1428 371 1481 servaturos
387 1423 580 1496 crediderant,
601 1422 707 1502 partim
727 1441 795 1482 cum
809 1421 868 1494 his,
889 1440 962 1500 qnae
977 1421 1154 1482 retinuerant
1170 1430 1197 1480 et
1213 1441 1265 1482 ce·

204 1504 344 1579 laverant,
364 1506 461 1580 armis,
481 1507 588 1586 partim
603 1506 693 1567 scutis
712 1526 746 1566 ex
762 1507 869 1566 cortice
884 1505 965 1565 lactis
981 1513 1029 1565 aut
1044 1505 1199 1565 viminibus
1216 1505 1264 1565 in-

206 1589 301 1662 textis
318 1609 391 1668 quae
406 1591 511 1664 subito,
526 1599 559 1652 ut
575 1591 716 1670 temporis
732 1591 870 1673 eaiguitas
886 1589 1058 1667 postulabat,
1079 1588 1200 1666 pellibus
1215 1589 1264 1649 in-

207 1675 357 1747 duxerant,
372 1676 454 1737 tertia
468 1675 570 1753 vigilia,
585 1695 641 1754 qua
656 1675 776 1735 minime
791 1675 898 1735 arduus
910 1673 944 1733 ad
956 1681 1072 1732 nostras
1085 1673 1266 1734 munitiones

207 1777 347 1819 ascensus
362 1759 519 1831 videbatur,
535 1761 672 1820 omnibus
688 1760 781 1838 copiis
796 1757 949 1837 repentino
961 1777 996 1816 ex
1008 1757 1118 1836 oppido
1131 1758 1264 1836 eruptio-

171 1854 186 1904 3
207 1861 275 1902 nem
291 1845 428 1904 lecerunt.
453 1844 597 1918 Celeriter,
612 1853 644 1904 ut
659 1853 725 1904 ante
740 1843 844 1903 Caesar
858 1841 1024 1920 imperarat,
1040 1842 1155 1919 ignibus
1171 1842 1265 1920 signi-

207 1927 341 1986 ficatione
356 1928 429 1988 lacta
444 1948 479 1988 ex
493 1928 635 2007 proximis
649 1927 769 1988 castellis
782 1947 816 1987 eo
829 1945 1004 1986 coneursum
1018 1934 1070 1997 est,
1085 1934 1264 2005 pugnatum-

170 2023 187 2072 4
208 2030 264 2090 que
279 2011 316 2070 ab
330 2011 465 2072 hostibus
481 2013 520 2074 ita
535 2013 638 2072 acriter
653 2020 704 2085 est,
719 2020 751 2071 ut
766 2033 782 2072 a
797 2011 865 2080 viris
882 2010 1006 2070 sortibus
1022 2011 1053 2070 in
1069 2019 1195 2071 extrema
1211 2030 1265 2089 spe

207 2095 307 2156 salutis
324 2095 423 2174 iniquo
439 2096 506 2157 loco
523 2104 624 2157 contra
639 2115 699 2171 eoa,
715 2096 764 2176 qui
780 2116 814 2156 ex
829 2095 901 2156 vallo
918 2094 1104 2172 turribusque
1119 2095 1173 2155 tela
1188 2095 1270 2167 iace,

241 2279 265 2330 3.
275 2281 370 2346 facere
382 2280 708 2332 bestimmtenerAusdruelr

208 2348 259 2410 (als
274 2349 358 2398 sicher
376 2350 533 2411 geschehend
549 2349 598 2398 ond
613 2348 708 2397 bereits

207 2416 622 2480 1111111111)111Ῑ11111111111,·
636 2415 709 2464 debae-

206 2487 283 2534 runt:
299 2483 338 2532 die
355 2499 404 2532 von
422 2485 468 2532 den
485 2483 583 2546 llrrigen
601 2483 709 2532 111111111-

206 2549 514 2612 lehrendenGesandten3
528 2551 708 2600 derSubiects·

206 2634 289 2668 accos.
312 2633 344 2666 zu
356 2619 453 2682 faeere
476 2618 541 2668 kann
565 2619 642 2667 daher
665 2634 709 2668 aas

106 2700 111 2719 s
208 2687 297 2749 (satos)
315 2685 377 2733 oder
388 2701 416 2734 se
429 2686 496 2748 sein,
513 2687 593 2735 dasle
606 2685 644 2734 als
658 2683 716 2736 Ge·.

207 2754 295 2802 sandte
314 2753 346 2801 im
362 2750 458 2802 Numen
476 2754 521 2802 des
538 2753 617 2805 Vollrs
637 2768 708 2818 spre-

208 2821 278 2870 chen.

241 2887 265 2938 4.
287 2890 368 2937 muri:
394 2903 415 2936 c.
438 2885 481 2952 29,
509 2885 533 2935 2.
559 2903 644 2952 agger
664 2887 710 2935 den

206 2953 304 3016 Damm,
327 2955 373 3002 den
391 2953 417 3004 C.
438 2955 476 3004 bis
494 2970 525 3004 un
544 2956 590 3003 den
608 2953 709 3004 Graben

205 3036 253 3070 vor
265 3021 311 3069 der
322 3021 411 3070 Manen
422 3022 527 3083 geleitet
538 3022 616 3070 hatte.

241 3076 293 3137 33.
314 3086 335 3135 1.
357 3087 450 3137 natatu
471 3116 505 3123 -
525 3091 557 3138 aa
578 3088 708 3139 aetuans.

205 3154 252 3204 Die
270 3152 338 3203 diter
354 3154 520 3216 dagewdsene
536 3154 708 3205 Ausliihrliclr-

205 3221 259 3271 lreit
269 3221 345 3270 durch
352 3220 550 3286 Wiederholung
559 3223 603 3272 des
612 3221 708 3273 Nomen

207 3295 271 3339 stntt
283 3289 352 3338 eines
364 3287 480 3338 Pronom.
502 3290 524 3339 1.
538 3289 578 3353 49,
595 3289 616 3340 1.

241 3355 265 3406 2.
298 3356 430 3424 praesidia
464 3357 632 3408 deducturos:
670 3358 708 3408 dle

206 3423 300 3476 Posten
321 3439 366 3473 aus
387 3424 433 3472 den
452 3423 579 3475 Castellen
600 3423 659 3488 (30,
680 3424 707 3487 1)

207 3491 400 3541 zuriickzicben.
412 3521 446 3527 —
458 3492 634 3558 arridentque:
649 3493 710 3541 oden

208 3560 290 3622 (wenn
301 3559 354 3608 dies
365 3559 441 3622 1111111)
456 3561 518 3609 doeh
531 3575 569 3609 am
579 3559 658 3622 llnde,
670 3559 709 3610 uls

206 3627 252 3676 das
261 3626 361 3688 Lente,
374 3642 427 3676 was
441 3627 477 3676 sie
489 3627 527 3676 als
540 3627 710 3676 wahrschein-

204 3693 253 3743 licb
270 3701 472 3757 voraussetzten,
491 3695 545 3744 also
562 3717 597 3736 =
613 3695 710 3757 wenig-

207 3766 287 3810 stens.
299 3789 334 3798 -
345 3760 415 3811 indat
427 3777 532 3812 serame
544 3761 619 3812 niiml.
635 3778 711 3829 prue-

207 3827 287 3877 111111
299 3829 339 3877 die
348 3828 442 3879 Poston
454 3830 501 3878 mit
510 3830 623 3893 weniger
632 3831 710 3893 Sorg-

206 3893 254 3943 ialt
270 3894 372 3945 beaetzt
387 3894 484 3957 halteu3
502 3912 531 3945 so
547 3896 603 3948 Liv.
617 3895 663 3960 34,
681 3897 709 3946 9:

207 3959 319 4024 iugulate,
337 3960 381 4026 33,
399 3961 427 4010 4:
449 3963 581 4014 costodiae
596 3979 710 4016 amara.

761 2307 794 2315 ——
811 2283 858 2330 aut
874 2281 1009 2329 romanibus
1020 2281 1136 2329 intentis.
1161 2279 1265 2328 Entwe-

762 2349 808 2396 der
819 2347 854 2396 ist
864 2349 972 2396 intentis
990 2343 1035 2395 aul
1044 2350 1124 2397 scutis
1136 2363 1167 2395 zu
1179 2347 1265 2396 111111-

761 2417 808 2464 1111
832 2415 919 2475 (serata
936 2416 1071 2463 cirm'nidue
1088 2416 1217 2480 intonata),
1236 2429 1265 2463 so

763 2484 821 2532 dass
840 2485 914 2531 scuta
928 2483 1062 2530 terminibus
1074 2484 1191 2531 tatemere
1206 2483 1265 2546 prii-

763 2555 840 2612 gnant
856 2550 924 2598 steht
940 2547 993 2597 tm:
1012 2547 1112 2598 Schilde
1126 2563 1171 2598 aus
1184 2549 1265 2598 inein-

763 2618 842 2666 ander
859 2617 1031 2678 gollochtenen
1047 2614 1145 2666 Ruthen
1163 2618 1266 2666 macheu

763 2713 797 2720 ——
806 2684 943 2746 allerdings
954 2683 1132 2748 ohneBeispiel
1142 2683 1264 2745 inProso3

763 2767 819 2800 man
830 2757 952 2800 erwantet
960 2754 1082 2800 coratemta
1089 2779 1124 2786 —
1134 2752 1201 2814 oder,
1211 2765 1265 2801 was

763 2817 944 2868 annehrrtbaren
956 2818 997 2880 ist',
1011 2821 1146 2868 emunitas
1157 2821 1266 2868 detectis

764 2886 818 2935 sind
830 2884 913 2934 Ablat.
926 2885 1005 2933 absol.
1022 2907 1057 2926 =
1074 2886 1154 2935 indem
1167 2885 1264 2936 Ruthen

763 2954 787 3002 in
798 2952 918 3001 einander
927 2953 1065 3013 gellochten
1077 2953 1188 3002 worden.
1207 2951 1267 3001 Die·

764 3035 792 3069 se
817 3019 917 3068 Schilde
947 3020 1083 3079 (tu'rm‘num
1111 3024 1206 3082 teactae,
1226 3019 1266 3069 bei

764 3086 845 3136 Tacit.
858 3085 947 3134 Annal.
960 3085 984 3134 2.
997 3087 1040 3149 14)
1055 3086 1191 3136 hestauden
1203 3087 1266 3136 eben

764 3169 812 3202 nur
836 3169 882 3202 nus
908 3154 1014 3202 dichtem
1036 3153 1265 3219 Ruthengefleclrtc‚

763 3223 808 3270 dus
821 3221 898 3270 durch
915 3220 955 3270 die
968 3220 1040 3270 Felle
1054 3224 1114 3270 noch
1128 3221 1267 3271 111111111-

764 3288 989 3350 sarnmengchalten
1012 3290 1112 3352 worda,
1134 3290 1201 3339 nicht
1221 3303 1267 3339 aus

763 3355 881 3418 Rahmen,
892 3355 966 3404 in'die
976 3355 1073 3404 llntlen
1086 3357 1267 3419 eingetlochten

764 3424 877 3472 wanden.
895 3451 929 3459 -
944 3427 1077 3490 repentino
1092 3439 1139 3473 noe
1155 3425 1210 3473 hier
1227 3423 1267 3473 bei

765 3491 791 3540 C.
804 3491 854 3540 und
866 3491 929 3540 auch
942 3498 1014 3540 sonst
1030 3493 1089 3540 sehr
1101 3491 1182 3542 salton
1198 3491 1267 3554 (ein-

764 3559 813 3608 mnl
825 3558 864 3607 bei
878 3557 927 3607 Cic.
939 3573 985 3622 pro
996 3558 1095 3622 Quinct.
1107 3559 1132 3621 4,
1148 3558 1192 3622 14)
1206 3573 1267 3609 vos·

764 3625 925 3675 kommendes
938 3626 1049 3675 Adverb.

798 3693 823 3742 4.
841 3697 886 3758 qui
895 3696 1014 3759 iacerent,
1026 3693 1159 3756 allgemein
1173 3709 1205 3742 zu
1214 3693 1267 3742 lus-

765 3776 822 3810 sen:
833 3776 912 3824 gegen
922 3761 1015 3823 soleba,
1026 3775 1054 3810 so
1064 3760 1183 3823 gestellte
1189 3760 1267 3810 Fein-

764 3829 804 3892 de,
817 3829 875 3878 dass
889 3829 926 3877 sie
940 3855 974 3863 —
990 3828 1068 3878 daher
1080 3828 1125 3877 der
1137 3827 1267 3878 Coniunct.

764 3923 798 3932 -
814 3895 849 3944 ad
862 3917 897 3936 =
909 3898 1021 3959 circiter,
1037 3894 1076 3944 bei
1089 3895 1267 3958 Zalrlangnben

764 3962 902 4013 adverbial.
915 3961 942 4012 B.
953 3961 979 4011 C.
990 3960 1013 4011 3.
1024 3961 1065 4026 53,
1077 3962 1103 4011 1:
1113 3962 1149 4012 aa
1156 3961 1268 4012 duorum
