2838 4480
228 309 288 372 '105
585 309 629 360 ΒΕ
648 307 756 360 namo
773 307 915 362 GHLLICO

190 473 205 522 a
223 461 257 524 in
272 461 414 540 oppidum
426 461 559 540 proxima
569 469 658 524 nocte
668 462 811 526 emesan.
834 461 970 524 Cderiter
978 460 1070 522 vineis
1086 460 1123 522 ad
1133 459 1279 539 oppidum

193 567 197 570 ·
225 545 313 618 actis,
332 563 435 624 aggere
455 547 529 606 meto
544 547 732 625 terribileque
745 547 910 608 manantis
930 545 1127 623 magnitudine
1138 551 1279 624 operum,

223 647 298 710 quae
312 639 406 709 neque
420 630 550 692 viderant
564 639 630 692 ante
645 631 716 692 Galli
731 649 825 710 neque
840 632 995 702 audierant,
1015 639 1044 691 et
1058 630 1201 691 celeritate
1212 629 1277 690 Bo·

224 733 382 779 manorum
400 715 525 793 permoti
544 715 658 794 legatos
673 717 710 776 ad
727 716 877 778 Qesarem
896 717 931 776 de
946 715 1091 776 deditione
1105 715 1224 776 mittunt
1238 722 1278 788 et,

227 799 393 880 petentibus
408 799 517 873 Remis,
533 807 566 860 nt
581 809 828 875 conservarentur,
844 801 1012 880 impetrant.
1267 833 1271 856 2

313 889 365 951 ta
394 884 499 945 Caesar
513 885 663 948 ohsidilms
677 887 803 965 acceptis
824 885 926 965 primis
943 885 1062 946 civitatis
1082 891 1166 963 atque
1185 883 1281 963 ipsius

228 969 333 1032 Galbae
352 968 427 1046 regis
448 969 563 1030 duobus
582 969 646 1030 filiis
666 969 812 1049 marmoree
833 971 969 1033 omnibus
986 989 1030 1030 -ex
1043 969 1154 1048 oppido
1168 969 1282 1030 traditis
1350 985 1352 990 ’

229 1054 261 1114 in
275 1053 451 1115 deditionem
463 1053 636 1114 Suessiones
651 1055 765 1133 accepit·
774 1055 987 1134 exercitumque
998 1055 1029 1114 in
1041 1055 1208 1116 Bellovacos
1223 1055 1281 1114 dn·

193 1143 209 1194 t
229 1139 277 1201 cit.
304 1138 361 1211 Qui
377 1155 444 1200 eum
459 1157 491 1198 se
506 1157 615 1218 suaque
631 1138 729 1200 omnia
748 1139 777 1200 in
797 1139 940 1218 oppidum
954 1139 1192 1217 Bratuspantium
1208 1156 1281 1198 con-

228 1223 377 1296 tulissent,
397 1231 483 1301 atque
501 1223 537 1284 ab
560 1241 594 1284 eo
612 1223 721 1302 oppido
737 1225 840 1286 Caesar
855 1243 922 1284 cum
937 1224 1063 1286 exercitu
1077 1223 1190 1284 circiter
1204 1223 1283 1283 milia

229 1325 371 1388 passuum
387 1307 513 1386 quiinque
528 1307 650 1380 abesset,
665 1306 768 1370 omnes
783 1309 908 1369 maiores
923 1317 994 1370 natu
1004 1327 1040 1369 ex
1050 1308 1160 1386 oppido
1172 1307 1283 1386 egressi

229 1409 335 1456 manus
351 1391 388 1452 ad
399 1391 552 1452 Caesarem
566 1393 683 1453 tendere
698 1400 728 1452 et
738 1399 813 1454 'voce
822 1393 985 1472 significare
994 1399 1161 1471 coeperunt,
1175 1411 1240 1452 sese
1251 1392 1283 1452 in

230 1477 292 1554 aas
307 1477 396 1538 fidem
406 1495 440 1536 ac
453 1483 626 1556 potestatem
639 1477 735 1538 venire
746 1497 839 1557 neque
852 1486 951 1540 contra
962 1478 1105 1557 populum
1116 1477 1284 1538 Romanum

195 1563 211 1614 3
231 1561 321 1623 armis
337 1563 521 1623 contendere.
548 1562 629 1636 Item,
645 1579 711 1624 cum
727 1563 763 1624 ad
779 1561 920 1642 oppidum
941 1561 1113 1623 accessisset
1134 1569 1285 1640 castraque

232 1646 271 1708 ibi
286 1653 417 1724 condet,
432 1646 515 1724 pueri
526 1646 718 1725 mulieresque
729 1667 764 1708 ex
775 1667 860 1708 muro
876 1647 972 1726 passis
988 1647 1121 1708 maenibus
1133 1665 1187 1708 suo
1200 1661 1285 1706 more

146 1783 148 1793 ,
232 1749 334 1810 pacem
349 1730 384 1790 ab
399 1729 540 1792 Romanis
556 1731 709 1810 petierunt.
1305 1797 1307 1804 ¹

149 1889 152 1896 Ι
319 1821 370 1881 14.
399 1815 457 1875 Pro
478 1814 525 1874 his
546 1815 700 1876 Diuitiaene
715 1849 757 1860 —-
771 1835 841 1878 nam
861 1825 930 1895 post
950 1815 1112 1883 discessum
1131 1815 1285 1894 Belgarum

234 1899 362 1960 dimissis
382 1899 568 1961 llaeduomm
594 1899 687 1978 copiis
713 1900 749 1960 ad
775 1919 842 1962 emn
868 1908 1022 1978 reverterat
1041 1933 1082 1946 -α
1102 1899 1167 1960 lacit
1184 1899 1286 1960 rerba:

197 1981 212 2030 ²
233 1983 398 2044 Bellovacos
419 1983 501 2043 omni
515 1991 648 2062 ternpore
662 1984 692 2043 in
708 1985 765 2043 lide
779 1992 863 2062 atque
877 1985 1001 2046 amicitia
1017 1983 1136 2045 civitatis
1152 1984 1286 2044 Haeduae

198 2062 213 2113 3
235 2067 338 2128 luisse:
354 2066 499 2145 impulsos
511 2087 528 2128 a
540 2066 600 2150 suis
615 2067 805 2146 principibus,
820 2069 868 2147 qui
880 2069 1007 2131 dicerent
1018 2069 1153 2129 Haeduos
1165 2069 1200 2131 ab
1215 2069 1286 2129 Cae·

187 2205 190 2213 .
235 2151 348 2214 sarain
367 2151 534 2212 servitutem
553 2153 686 2214 redactos
707 2171 810 2214 omnes
835 2154 1018 2232 indignitates
1041 2154 1287 2232 contumeliasque

234 2237 375 2316 perferre,
396 2243 424 2296 et
443 2236 478 2296 ab
493 2236 618 2298 Haeduis
639 2237 778 2298 defecisse
798 2245 825 2300 et
839 2239 951 2317 populo
966 2239 1102 2300 Romano
1118 2238 1226 2302 bellum
1238 2239 1286 2298 in-

199 2328 216 2377 4
235 2321 346 2381 tulisse.
376 2319 433 2392 Qui
452 2320 514 2381 eius
534 2321 649 2382 consilii
668 2321 814 2400 principes
835 2323 970 2396 luissent,
990 2317 1068 2406 quod
1082 2323 1286 2402 inteHegerent,

235 2413 371 2485 quantam
394 2405 582 2466 calamitatem
603 2405 705 2466 civitati
732 2406 910 2478 intulissent,
936 2409 965 2468 in
985 2407 1162 2469 Britanniam
1182 2409 1253 2486 leros
1271 2440 1286 2452 ·

197 2495 212 2546 5
234 2491 319 2568 gisse.
342 2491 445 2551 Petere
459 2508 522 2550 non
538 2491 635 2551 solum
649 2489 824 2565 Bellovacos,
840 2494 890 2554 sed
906 2493 992 2554 etiam
1007 2511 1061 2573 pro
1078 2491 1124 2552 his
1141 2493 1285 2564 Haeduos

218 2583 266 2638 nt
286 2593 338 2639 sua
358 2575 508 2639 clementia
528 2576 803 2638 aomansuetudine
822 2577 852 2638 in
878 2597 929 2639 eos
946 2585 1067 2640 utatur«
1089 2578 1176 2650 Quod
1196 2577 1221 2638 si
1242 2578 1285 2638 le-
1351 2597 1357 2602 ⁸

232 2727 310 2790 gentl.
321 2749 356 2770 a
369 2729 463 2789 omnis,
481 2743 545 2792 qnae
555 2728 666 2792 terfuga
678 2732 736 2778 erat
786 2733 929 2797 petendine
941 2729 1070 2792 ablingig.

231 2794 374 2876 mataledo,
388 2795 735 2874 ⁶oeflld'02'729l’l’idmn09n·
824 2804 874 2864 13.
893 2813 917 2863 2.
935 2815 1033 2863 rendre:
1051 2812 1103 2861 sich
1115 2811 1235 2874 legebas.
1262 2810 1286 2862 6.

232 2866 307 2927 cenat,
321 2877 377 2911 elne
390 2861 442 2941 13⁰⁸*-
453 2863 500 2910 (1⁰¹1
510 2859 633 2912 Gl'lflflhefl
645 2863 734 2944 gelmi·
788 2880 812 2944 3,
827 2881 854 2929 3:
873 2885 899 2930 in
912 2880 1063 2931 deditionem
1074 2883 1161 2928 conire
1172 2880 1264 2942 coegit.

233 2929 282 2992 rige
294 2927 445 2978 Attrnetion.
469 2928 495 2979 S.
509 2929 532 2978 ῖ.
546 2928 590 2992 24,
604 2930 631 2978 5:
651 2946 733 2980 omem
822 2947 845 2997 3,
860 2951 947 3016 passi,
958 2949 1090 2996 famiam,-
1110 2946 1131 2994 1,
1147 2945 1185 3008 15,
1200 2945 1223 2994 3.

233 3013 268 3046 ecc
279 2995 520 3046 carlmannultitndo
533 3001 705 3047 concurreret.
739 3048 741 3052 .
822 3030 861 3088 14
893 3037 907 3086 3
978 3021 981 3032 ·
1039 3037 1087 3086 ‚di
1128 3039 1133 3050 ,
1206 3035 1237 3068 .·

269 3063 292 3112 5·
310 3078 404 3127 agger,
427 3063 473 3112 (ιθ,
488 3063 574 3114 flamm
594 3080 644 3113 von
657 3065 732 3126 Eme,
864 3069 872 3088 .
910 3055 1058 3088 maranesca
1084 3040 1209 3102 gestatos.
1225 3037 1287 3100 chc

233 3130 348 3190 Steinen,
370 3130 442 3192 Heln,
462 3131 508 3180 mit
525 3131 665 3182 Pallisnden
687 3132 732 3181 bo·
787 3105 1185 3170 AP²¹¹¹¹¹WfildlB⁰¹'Behssssdllffld·

233 3198 322 3260 lastigt
336 3199 386 3246 und
403 3214 435 3246 zu
448 3199 576 3248 einander
587 3199 733 3262 balagerten
822 3197 847 3246 4.
866 3197 965 3247 consulet
973 3199 1102 3264 pmiecdpee
1113 3217 1148 3238 ·-·=
1159 3199 1287 3247 auctores.

233 3265 323 3316 Manen
338 3267 551 3330 comprenhenden
568 3267 637 3316 Ho'he
659 3268 733 3316 erha-
786 3263 811 3314 5.
824 3265 865 3327 54,
878 3264 907 3314 4.·
920 3265 1081 3330 cessationes
1090 3268 1207 3332 repertos
1214 3266 1287 3331 pann·

233 3333 290 3384 hen.
322 3331 373 3382 Aul
386 3333 435 3382 ihm
451 3335 555 3384 standan
571 3334 613 3384 die
628 3334 733 3396 Belage-
787 3335 854 3400 cipes
878 3333 935 3383 delli
955 3331 1098 3398 differendi·
1124 3329 1149 3382 6.
1169 3331 1195 3395 4,
1219 3331 1240 3381 1.
1261 3331 1286 3380 7.
1324 3389 1328 3396 Ι

233 3401 408 3464 magstlriirme
423 3401 458 3463 (s.
470 3417 502 3450 zu
515 3399 555 3464 30,
570 3399 603 3464 1).
628 3401 653 3450 S.
666 3401 692 3450 B.
707 3401 733 3450 G.
788 3400 828 3462 37,
847 3399 872 3450 6.

233 3483 285 3518 aa.
292 3468 321 3518 0.
332 3468 518 3533 adia-,quae
530 3468 736 3534 nequet-iderant
822 3467 845 3517 5.
864 3484 913 3519 aaa
932 3468 1074 3518 clementia.
1096 3467 1149 3518 Dar
1164 3467 1286 3532 passando

233 3536 422 3586 -mdterme
455 3535 514 3586 Tac.
535 3535 599 3584 Ana.
623 3534 662 3585 12.
683 3535 733 3584 45:
789 3533 916 3598 Gednnke,
929 3534 1287 3598 deneunlriergiebt(=sei7

233 3603 298 3653 nilul
310 3607 365 3652 tem
376 3606 497 3666 ignarum
508 3605 636 3668 bardanis,
658 3617 734 3668 quom
789 3619 820 3653 ne
836 3605 885 3654 ihre
897 3604 1103 3668 eigantlriimliche
1115 3601 1222 3665 Mitte),
1242 3601 1287 3652 bo-

233 3671 437 3720 maeliumnenta
448 3674 556 3720 stentare
566 3673 734 3787 oepngnntz‘o-
788 3671 882 3722 atinent
902 3673 950 3722 ilina
969 3673 1032 3722 anch
1053 3671 1140 3720 seinen
1156 3669 1240 3720 Platz':
1263 3685 1285 3721 a.

233 3753 303 3788 mna
326 3765 361 3776 -
383 3751 548 3788 commeare:
598 3737 661 3788 eben
683 3739 734 3788 und
788 3737 829 3800 31,
839 3739 864 3788 4.
876 3739 1006 3788 clamante
1014 3737 1130 3788 istMildo
1140 3738 1286 3788 dasllaelrt-

234 3804 347 3854 Freilneit
363 3805 500 3868 schenden,
522 3805 688 3869 begnadigen3
712 3821 733 3856 s.
788 3807 878 3856 habers
892 3805 1061 3869 (Gcgensntzz
1081 3809 1216 3870 seueritas,
1229 3821 1287 3856 cm·

234 3887 257 3920 o.
273 3869 357 3934 15,1:
384 3875 411 3921 in
424 3872 508 3938 fldem
525 3877 689 3941 recepturum
709 3877 735 3923 et
787 3873 903 3938 delites),
931 3871 1113 3924 anmaeuotndo:
1147 3873 1288 3924 Sanltmutlr

235 3943 454 3990 acaemetarum.
471 3968 505 3976 -
516 3945 547 3992 ut
558 3956 671 3992 correers.
683 3957 733 3992 von
787 3941 832 3992 des
843 3941 979 3992 Mausolea
991 3938 1157 4004 (Gegensatza
1166 3941 1288 4006 soritae).
1306 3980 1309 3986 .
