2816 4468
519 305 531 318 ’·
559 243 620 366 ‘vri
639 281 759 363 iessir.
796 276 811 328 ·¹
1046 346 1057 371 ,
1119 258 1190 379 313

125 463 255 544 redorigi
270 465 411 540 Haeduis,
426 461 696 526 'Vercassivellauno
708 463 859 538 Arverno,
878 463 1057 526 consobrino
1072 465 1191 542 Vercin-

127 551 275 630 getorigis,
290 567 406 611 summa
420 549 537 629 imperii
550 549 681 610 traditur.
704 547 757 609 His
773 549 875 610 delecti
891 569 925 609 ex
937 549 1098 610 civitatibus
1106 553 1189 614 attri-
1210 562 1228 611 4

126 636 271 708 bmuutur,
292 650 420 714 quorum
440 633 562 696 consilio
582 633 688 694 bellum
709 634 967 712 administraretur.
1002 632 1111 694 Omnes
1133 636 1191 712 ala·
1212 645 1228 694 5
1302 690 1314 702 ,

123 735 193 781 cres
208 728 236 780 et
251 719 372 780 dduciae
383 719 461 798 pleni
476 719 511 780 ad
522 719 645 779 Alesiam
660 716 895 796 proficiscuntur,
911 736 1004 797 neque
1019 726 1079 778 erat
1095 721 1191 780 omni·
1212 727 1229 778 6

125 821 179 864 um
200 804 372 882 quisquam,
393 804 442 882 qui
462 811 611 882 aspectum
632 803 721 863 medo
742 811 837 863 tantae
853 801 1042 863 multitudinis
1055 804 1193 882 sustineri

124 903 220 968 posse
239 889 438 961 arbitraretur,
456 887 628 966 praesertim
649 888 766 966 ancipiti
784 888 911 966 proelio,
940 907 1007 948 curn
1028 907 1062 948 ex
1082 888 1192 966 oppido

127 973 284 1052 eruptione
302 975 493 1052 pugnaretur,
514 971 585 1032 loris
605 978 701 1050 tantae
716 972 816 1050 copiae
831 973 975 1051 equitatus
990 973 1193 1052 peditatusque

129 1061 328 1119 cernerentur.
603 1102 637 1113 ,.
1051 1127 1052 1132 ἵ
1086 1072 1089 1076 ·

214 1147 268 1208 77.
299 1142 334 1200 At
359 1141 391 1215 ii,
417 1141 466 1221 qui
492 1139 602 1200 Alesiae
628 1140 847 1216 obsidebantur,
870 1141 1026 1220 praeterita
1052 1141 1110 1216 die,
1136 1161 1193 1220 qua

128 1225 231 1286 auxilia
247 1241 369 1285 suorum
386 1232 633 1304 exspectaverant,
651 1234 828 1304 consumpto
841 1225 923 1286 omni
938 1226 1084 1286 frumento
1100 1227 1193 1300 inscii,

128 1309 197 1387 quid
216 1309 248 1368 in
266 1309 391 1394 Haeduis
406 1317 566 1396 gereretur,
586 1308 708 1369 coneilio
729 1319 829 1370 coacto
851 1311 886 1370 de
902 1311 979 1372 exitu
994 1329 1114 1372 suarum
1129 1312 1192 1372 for-

127 1401 266 1454 tunarum
287 1395 496 1469 consultabant.
531 1395 574 1454 Ao
590 1393 674 1452 variis
695 1393 778 1453 dictis
800 1394 964 1467 sententiis,
984 1413 1108 1472 quarum
1123 1407 1227 1473 persa

127 1477 317 1551 deditionem,
339 1497 421 1556 pare,
440 1479 513 1538 dum
532 1477 607 1536 vires
629 1485 829 1555 suppeterent,
849 1477 1033 1557 eruptionem
1049 1480 1191 1552 censebat,

126 1578 190 1622 non
204 1564 412 1641 praetereunda
429 1561 522 1622 oratio
538 1559 697 1638 Critognati
717 1561 829 1622 videtur
847 1571 969 1640 propter
985 1561 1045 1622 eius
1063 1561 1191 1640 singula-

127 1663 191 1706 rem
206 1655 235 1706 et
248 1647 388 1706 nefariam
405 1645 610 1706 crudelitatem.
634 1644 688 1704 llic
699 1664 816 1704 summo
832 1645 862 1705 in
878 1645 1013 1706 Arvernis
1030 1654 1113 1706 ortus
1125 1646 1190 1708 loco
1212 1655 1228 1705 3

127 1737 158 1792 et
173 1747 294 1807 magnae
308 1730 423 1790 habitus
438 1729 631 1790 auctoritatis:
651 1728 741 1802 Nihil,
756 1729 863 1808 inquit,
880 1731 915 1790 de
930 1749 1034 1792 eorum
1049 1731 1191 1792 sententia

128 1814 260 1874 dicturus
276 1831 355 1887 sum,
372 1811 422 1891 qui
436 1813 635 1892 turpissimam
652 1813 819 1874 servitutem
835 1814 989 1874 deditionis
1005 1815 1125 1874 nomine
1139 1835 1192 1894 ap-

127 1897 248 1975 pellant,
262 1913 356 1975 neque
370 1899 427 1958 hos
442 1897 711 1958 habendos‘civium
726 1897 791 1958 loco
807 1917 901 1978 neque
916 1899 952 1958 ad
969 1899 1124 1963 concilium
1140 1900 1192 1962 ad-

127 1981 274 2048 hibendos
291 2000 405 2043 censeo.
429 1981 502 2042 Cum
517 1982 563 2042 his
578 1982 650 2042 mihi
665 2001 712 2042 res
728 1983 775 2058 sit,
791 1984 840 2062 qui
852 1983 1036 2063 eruptionem
1052 1984 1192 2062 probant3
1213 1996 1230 2046 4

128 2082 257 2144 quorum
271 2066 302 2125 in
319 2065 441 2127 consilio
458 2065 591 2127 omnium
605 2075 734 2141 vestrum
751 2086 897 2131 consensu
912 2069 1052 2148 pristinae
1066 2069 1194 2130 residere

120 2150 244 2226 ,driutis
269 2151 410 2212 memoria
435 2150 555 2212 videtur.
592 2152 687 2213 Animi
713 2160 758 2212 est
776 2152 831 2214 ista
851 2154 985 2228 mollitia,
1011 2171 1073 2214 non
1093 2153 1230 2226 virtus,5
1266 2211 1269 2217 .

128 2235 276 2314 paulisper
289 2235 419 2314 inopiam
439 2237 514 2296 ferre
533 2255 595 2297 non
611 2255 709 2316 posse.
745 2237 802 2310 Qui
817 2257 848 2298 se
863 2238 939 2298 udtro
956 2238 1046 2298 morti
1061 2239 1194 2312 olierant,

129 2319 239 2380 facilius
259 2321 455 2398 reperiuntur,
476 2339 563 2400 quam
583 2321 631 2399 qui
651 2321 784 2381 dolorem
803 2321 945 2398 patienter
964 2323 1066 2385 leraut.
1099 2321 1194 2400 Atque
1215 2331 1231 2382 6

130 2419 184 2480 ego
199 2405 276 2464 hanc
291 2405 464 2464 sententiam
479 2405 636 2482 probarem
653 2408 778 2482 (tantum
790 2405 867 2483 apud
879 2424 926 2465 me
938 2405 1061 2482 dignitas
1074 2407 1194 2482 potest),

129 2487 155 2547 si
174 2487 283 2548 irullam
302 2495 506 2566 praeterquam
524 2489 597 2548 vitae
613 2497 732 2548 nostrae
747 2489 887 2549 iacturam
902 2489 965 2548 lieri
979 2488 1120 2548 viderem:
1142 2490 1195 2551 sed
1215 2496 1230 2545 t

128 2571 160 2631 in
180 2572 303 2632 oonsilio
325 2573 465 2650 capiendo
486 2590 604 2633 omnem
621 2572 740 2632 Galliam
760 2572 964 2652 respiciamuS,
984 2573 1071 2650 quarn
1086 2573 1122 2632 ad
1131 2591 1195 2632 no-

165 2721 191 2771 3.
214 2722 463 2774 Vercassivellauno.
486 2723 534 2773 llio
552 2722 637 2774 0555·-
690 2721 1195 2786 cenobiale,122tetlumSmnuttteue

129 2789 263 2843 relleuuuc
280 2790 475 2855 wirot-tte,
492 2791 638 2856 51501535-
688 2795 953 2858 putresceurucruut.
984 2795 988 2806 ¹

129 2859 203 2907 ionic
220 2856 243 2905 5.
261 2856 313 2920 3,2
331 2859 454 2908 erwiibnt.
478 2858 528 2909 Das
545 2874 638 2922 vorge-
724 2856 748 2906 3.
771 2874 882 2924 anagvuae
901 2859 1004 2910 babitus
1024 2861 1195 2910 auctoritatis.

129 2931 213 2975 setzte
220 2922 256 2976 ‘V
255 2923 291 2974 er'
301 2927 343 2974 bat
351 2926 405 2975 also
417 2927 635 2977 seiucbestimmte
690 2926 717 2975 S.
732 2925 754 2976 1.
767 2925 808 2990 28,
823 2927 847 2975 5.

129 2988 290 3055 Bedentuogt
303 2993 366 3043 nacb
376 2993 457 3044 Zeuss
467 2993 634 3044 Grammatico
724 2993 749 3042 5.
770 2996 911 3044 Autnuect
920 2997 972 3044 iata
980 2993 1195 3046 meditabuntur.

129 3059 634 3128 (3515551591ψοηοοὴιῐονοαηᾱαπε,
690 3061 778 3124 Vergl=
792 3063 816 3112 t.
830 3061 871 3126 20,
884 3063 912 3111 5:
926 3065 968 3121 cari
978 3065 1196 3131 (5555515551-

129 3127 158 3179 V
158 3131 332 3193 ercomboguu
344 3129 373 3180 V
372 3129 635 3194 ertugodumuuaua.
688 3132 727 3179 55·
735 3127 866 3184 mollitiem
878 3129 984 3186 strodere
994 3145 1082 3182 camier
1090 3130 1195 3195 caderet,

128 3195 275 3256 vcrgliclren
287 3196 399 3259 werden,
417 3197 452 3247 ist
469 3212 497 3246 es
508 3195 635 3247 intensiv-
690 3197 758 3263 quod
765 3197 862 3252 (1151155
871 3197 1126 3264 laborareserreuou
1133 3197 1197 3264 pei·

128 3261 247 3328 partllrcl.
261 3259 363 3311 Ardere
373 3263 477 3312 dacbten
487 3278 517 3313 an
529 3265 573 3313 das
583 3264 635 3315 ccl·
689 3269 755 3315 seut.
764 3294 799 3302 -
807 3269 851 3332 qui
858 3282 887 3329 re
895 3265 964 3316 ultro
973 3267 1112 3329 -sercut
1124 3261 1195 3314 Mar·

128 3330 210 3379 tisebc
219 3327 422 3392 secretione.
445 3329 537 3380 Florus
557 3331 579 3380 1.
593 3330 634 3380 44.
688 3332 742 3382 tial.
761 3333 800 3382 11.
813 3331 854 3394 56,
870 3333 913 3383 15:
930 3332 1016 3382 liebus
1032 3335 1059 3380 iu
1074 3334 1196 3394 angustie

128 3397 164 3458 (3.
177 3395 227 3458 10.)
236 3401 294 3458 sagt
302 3408 359 3445 rom
367 3396 575 3461 Vercingetorix:
589 3414 636 3448 uo·
681 3397 764 3464 scotie
776 3403 817 3448 ert
828 3401 991 3451 centaureae
1002 3397 1196 3456 ’5115151115πῆ-

127 3467 198 3514 mc'ue
209 3465 374 3528 ettuauquaci
384 3464 419 3514 ud
430 3468 558 3516 terrorem
567 3463 635 3516 com·
689 3471 729 3516 ter
739 3463 780 3518 ute
788 3467 872 3530 sacti,
890 3468 934 3531 qui
942 3468 1022 3516 mirer·
1034 3481 1093 3516 ecee
1099 3467 1194 3531 potest.

125 3533 222 3600 poetic.
300 3547 302 3550 ·
724 3525 748 3580 6.
776 3533 905 3596 dignitus.-
925 3531 1196 3594 Wiirde‚·Auotoritiit

163 3596 187 3646 6.
213 3599 348 3666 *aspectum
364 3597 454 3649 ruodo.-
475 3599 499 3649 6.
518 3599 542 3663 8,
560 3597 583 3648 6.
600 3627 635 3636 -
689 3599 848 3665 dcrjenigcn,
865 3600 904 3654 die
920 3599 963 3649 liir
978 3598 1136 3650 deuAuslall
1149 3615 1195 3662 gc·

128 3667 237 3732 55515111
242 3665 391 3733 proeliosl.
404 3663 445 3732 26,
461 3667 483 3716 l.
496 3695 530 3702 -
547 3667 635 3735 copiae
689 3667 912 3732 sprooheolatceu.
932 3663 1205 3729 Dassdiffledeutuug·

128 3735 258 3798 equitatur
267 3733 462 3801 peditatusque:
474 3735 498 3784 5.
510 3733 549 3800 47,
564 3733 588 3784 5.
689 3733 1003 3796 ‘elrenhauetiesinuung’
1014 3735 1068 3786 bier
1077 3734 1193 3786 nicbtau·

162 3791 215 3852 'We
242 3799 266 3850 2.
293 3797 644 3870 querimoniamque]
688 3815 819 3864 gcmessen
833 3803 879 3866 ist,
897 3800 1130 3865 zetaetaototeta
1144 3803 1194 3852 de·

127 3867 155 3917 B.
176 3867 204 3918 C.
224 3867 250 3917 2.
272 3867 313 3930 30,
333 3867 359 3918 1:
371 3867 466 3919 'Erunt
484 3869 636 3938 amalechite,
688 3885 717 3918 cr
729 3864 870 3934 gagauden
884 3869 1232 3936 Verecbluguttsspricbta

128 3949 192 4000 quae
208 3961 242 3972 -
263 3941 403 3988 consereret.
424 3962 460 3976 ·-
480 3936 634 3988 deditionem
687 3939 768 3986 meieni
777 3941 819 3987 eat
827 3940 880 3987 ictu
890 3936 996 3987 mollitia
1007 3954 1031 3988 u.
1045 3953 1066 3988 s.
1078 3952 1111 3988 w.
