<?xml version="1.0" encoding="UTF-8"?>
<!DOCTYPE html PUBLIC "-//W3C//DTD XHTML 1.0 Transitional//EN"
    "http://www.w3.org/TR/xhtml1/DTD/xhtml1-transitional.dtd">
<html xmlns="http://www.w3.org/1999/xhtml" xml:lang="en" lang="en">
 <head>
  <title>
</title>
<meta http-equiv="Content-Type" content="text/html;charset=utf-8" />
  <meta name='ocr-system' content='tesseract 3.04.00' />
  <meta name='ocr-capabilities' content='ocr_page ocr_carea ocr_par ocr_line ocrx_word'/>
</head>
<body>
  <div class='ocr_page' id='page_1' title='image "./ciuliicaesarisc04krangoog_0177.png"; bbox 0 0 2798 4482; ppageno 0'>
   <div class='ocr_carea' id='block_1_1' title="bbox 229 337 920 414">
    <p class='ocr_par' dir='ltr' id='par_1_1' title="bbox 229 337 920 414">
     <span class='ocr_line' id='line_1_1' title="bbox 229 337 920 414; baseline -0.023 -2"><span class='ocrx_word' id='word_1_1' title='bbox 229 353 289 414; x_wconf 80' lang='lat'><strong>162</strong></span> <span class='ocrx_word' id='word_1_2' title='bbox 591 351 635 401; x_wconf 86' lang='lat' dir='ltr'><strong>DE</strong></span> <span class='ocrx_word' id='word_1_3' title='bbox 653 349 760 400; x_wconf 81' lang='lat' dir='ltr'>BELLO</span> <span class='ocrx_word' id='word_1_4' title='bbox 779 337 920 400; x_wconf 74' lang='lat' dir='ltr'><strong>cantico</strong></span> 
     </span>
    </p>
   </div>
   <div class='ocr_carea' id='block_1_2' title="bbox 226 495 1286 828">
    <p class='ocr_par' dir='ltr' id='par_1_2' title="bbox 226 495 1286 828">
     <span class='ocr_line' id='line_1_2' title="bbox 311 495 1286 582; baseline -0.012 -15"><span class='ocrx_word' id='word_1_5' title='bbox 311 509 364 569; x_wconf 74' lang='lat'><strong>20.</strong></span> <span class='ocrx_word' id='word_1_6' title='bbox 395 503 506 580; x_wconf 84' lang='lat' dir='ltr'><strong>Exigua</strong></span> <span class='ocrx_word' id='word_1_7' title='bbox 526 510 607 582; x_wconf 90' lang='lat' dir='ltr'><strong>parte</strong></span> <span class='ocrx_word' id='word_1_8' title='bbox 626 503 741 563; x_wconf 90' lang='lat' dir='ltr'><strong>aestatis</strong></span> <span class='ocrx_word' id='word_1_9' title='bbox 761 501 869 579; x_wconf 89' lang='lat' dir='ltr'><strong>reliqua</strong></span> <span class='ocrx_word' id='word_1_10' title='bbox 891 499 1006 572; x_wconf 86' lang='lat' dir='ltr'><strong>Caesar,</strong></span> <span class='ocrx_word' id='word_1_11' title='bbox 1026 498 1080 558; x_wconf 87' lang='lat' dir='ltr'><strong>etsi</strong></span> <span class='ocrx_word' id='word_1_12' title='bbox 1095 497 1125 557; x_wconf 89' lang='lat' dir='ltr'><strong>in</strong></span> <span class='ocrx_word' id='word_1_13' title='bbox 1140 497 1186 556; x_wconf 93' lang='lat' dir='ltr'><strong>his</strong></span> <span class='ocrx_word' id='word_1_14' title='bbox 1205 495 1286 570; x_wconf 88' lang='lat' dir='ltr'><strong>locis,</strong></span> 
     </span>
     <span class='ocr_line' id='line_1_3' title="bbox 227 581 1286 668; baseline -0.008 -19"><span class='ocrx_word' id='word_1_15' title='bbox 227 589 306 668; x_wconf 87' lang='lat' dir='ltr'><strong>quod</strong></span> <span class='ocrx_word' id='word_1_16' title='bbox 322 587 418 648; x_wconf 90' lang='lat' dir='ltr'><strong>omnis</strong></span> <span class='ocrx_word' id='word_1_17' title='bbox 435 587 522 647; x_wconf 86' lang='lat' dir='ltr'><strong>Gallia</strong></span> <span class='ocrx_word' id='word_1_18' title='bbox 538 589 573 647; x_wconf 93' lang='lat' dir='ltr'><strong>ad</strong></span> <span class='ocrx_word' id='word_1_19' title='bbox 589 587 802 666; x_wconf 76' lang='lat' dir='ltr'><strong>septentriones</strong></span> <span class='ocrx_word' id='word_1_20' title='bbox 816 585 920 662; x_wconf 81' lang='lat' dir='ltr'><strong>vergit,</strong></span> <span class='ocrx_word' id='word_1_21' title='bbox 940 591 1069 644; x_wconf 88' lang='lat' dir='ltr'><strong>maturae</strong></span> <span class='ocrx_word' id='word_1_22' title='bbox 1083 589 1152 642; x_wconf 90' lang='lat' dir='ltr'><strong>sunt</strong></span> <span class='ocrx_word' id='word_1_23' title='bbox 1166 581 1286 654; x_wconf 83' lang='lat' dir='ltr'><strong>hiemes,</strong></span> 
     </span>
     <span class='ocr_line' id='line_1_4' title="bbox 226 666 1286 752; baseline -0.008 -18"><span class='ocrx_word' id='word_1_24' title='bbox 226 682 324 734; x_wconf 88' lang='lat' dir='ltr'><strong>tamen</strong></span> <span class='ocrx_word' id='word_1_25' title='bbox 335 673 366 731; x_wconf 92' lang='lat' dir='ltr'><strong>in</strong></span> <span class='ocrx_word' id='word_1_26' title='bbox 375 672 551 733; x_wconf 80' lang='lat' dir='ltr'>Britanniam</span> <span class='ocrx_word' id='word_1_27' title='bbox 564 673 711 752; x_wconf 87' lang='lat' dir='ltr'><strong>proticisci</strong></span> <span class='ocrx_word' id='word_1_28' title='bbox 722 669 879 742; x_wconf 82' lang='lat' dir='ltr'><strong>contendit,</strong></span> <span class='ocrx_word' id='word_1_29' title='bbox 892 669 970 747; x_wconf 90' lang='lat' dir='ltr'><strong>quod</strong></span> <span class='ocrx_word' id='word_1_30' title='bbox 982 668 1119 727; x_wconf 91' lang='lat' dir='ltr'><strong>omnibus</strong></span> <span class='ocrx_word' id='word_1_31' title='bbox 1130 667 1189 726; x_wconf 88' lang='lat' dir='ltr'><strong>iere</strong></span> <span class='ocrx_word' id='word_1_32' title='bbox 1199 666 1286 726; x_wconf 90' lang='lat' dir='ltr'><strong>Galli-</strong></span> 
     </span>
     <span class='ocr_line' id='line_1_5' title="bbox 229 751 1286 828; baseline -0.008 -11"><span class='ocrx_word' id='word_1_33' title='bbox 229 757 269 817; x_wconf 87' lang='lat' dir='ltr'><strong>cis</strong></span> <span class='ocrx_word' id='word_1_34' title='bbox 280 757 361 818; x_wconf 90' lang='lat' dir='ltr'><strong>bellis</strong></span> <span class='ocrx_word' id='word_1_35' title='bbox 368 756 503 816; x_wconf 90' lang='lat' dir='ltr'><strong>hostibus</strong></span> <span class='ocrx_word' id='word_1_36' title='bbox 515 757 625 816; x_wconf 88' lang='lat' dir='ltr'><strong>nostris</strong></span> <span class='ocrx_word' id='word_1_37' title='bbox 637 757 704 816; x_wconf 89' lang='lat' dir='ltr'><strong>inde</strong></span> <span class='ocrx_word' id='word_1_38' title='bbox 715 755 932 816; x_wconf 88' lang='lat' dir='ltr'><strong>subministrata</strong></span> <span class='ocrx_word' id='word_1_39' title='bbox 945 753 1045 813; x_wconf 82' lang='lat' dir='ltr'><strong>auxilia</strong></span> <span class='ocrx_word' id='word_1_40' title='bbox 1058 751 1240 828; x_wconf 79' lang='lat' dir='ltr'><strong>intellegebat</strong></span> <span class='ocrx_word' id='word_1_41' title='bbox 1251 758 1286 824; x_wconf 89' lang='lat' dir='ltr'><strong>et,</strong></span> 
     </span>
    </p>
   </div>
   <div class='ocr_carea' id='block_1_3' title="bbox 91 828 1286 920">
    <p class='ocr_par' dir='ltr' id='par_1_3' title="bbox 91 828 1286 920">
     <span class='ocr_line' id='line_1_6' title="bbox 91 828 1286 920; baseline -0.008 -17"><span class='ocrx_word' id='word_1_42' title='bbox 91 853 95 872; x_wconf 86' lang='lat'><em>¹</em></span> <span class='ocrx_word' id='word_1_43' title='bbox 190 851 205 902; x_wconf 89' lang='lat'>2</span> <span class='ocrx_word' id='word_1_44' title='bbox 228 841 254 902; x_wconf 90' lang='lat' dir='ltr'><strong>si</strong></span> <span class='ocrx_word' id='word_1_45' title='bbox 268 850 384 920; x_wconf 88' lang='lat' dir='ltr'><strong>tempus</strong></span> <span class='ocrx_word' id='word_1_46' title='bbox 401 841 469 901; x_wconf 88' lang='lat' dir='ltr'><strong>anni</strong></span> <span class='ocrx_word' id='word_1_47' title='bbox 485 842 520 900; x_wconf 96' lang='lat' dir='ltr'><strong>ad</strong></span> <span class='ocrx_word' id='word_1_48' title='bbox 534 841 642 900; x_wconf 90' lang='lat' dir='ltr'><strong>bellum</strong></span> <span class='ocrx_word' id='word_1_49' title='bbox 657 841 815 918; x_wconf 82' lang='lat' dir='ltr'><strong>gerendum</strong></span> <span class='ocrx_word' id='word_1_50' title='bbox 833 828 979 910; x_wconf 69' lang='lat' dir='ltr'><strong>deiiceret,</strong></span> <span class='ocrx_word' id='word_1_51' title='bbox 995 846 1091 896; x_wconf 91' lang='lat' dir='ltr'><strong>tamen</strong></span> <span class='ocrx_word' id='word_1_52' title='bbox 1106 853 1214 913; x_wconf 86' lang='lat' dir='ltr'><strong>magno</strong></span> <span class='ocrx_word' id='word_1_53' title='bbox 1224 835 1286 896; x_wconf 89' lang='lat' dir='ltr'><strong>sibi</strong></span> 
     </span>
    </p>
   </div>
   <div class='ocr_carea' id='block_1_4' title="bbox 190 919 1286 1258">
    <p class='ocr_par' dir='ltr' id='par_1_4' title="bbox 190 919 1286 1258">
     <span class='ocr_line' id='line_1_7' title="bbox 226 919 1286 999; baseline -0.008 -12"><span class='ocrx_word' id='word_1_54' title='bbox 226 927 294 987; x_wconf 91' lang='lat' dir='ltr'><strong>usui</strong></span> <span class='ocrx_word' id='word_1_55' title='bbox 314 928 376 986; x_wconf 88' lang='lat' dir='ltr'><strong>lore</strong></span> <span class='ocrx_word' id='word_1_56' title='bbox 396 925 600 998; x_wconf 81' lang='lat' dir='ltr'><strong>arbitrabatur,</strong></span> <span class='ocrx_word' id='word_1_57' title='bbox 621 925 646 985; x_wconf 89' lang='lat' dir='ltr'><strong>si</strong></span> <span class='ocrx_word' id='word_1_58' title='bbox 664 927 754 985; x_wconf 93' lang='lat' dir='ltr'><strong>modo</strong></span> <span class='ocrx_word' id='word_1_59' title='bbox 775 924 900 984; x_wconf 89' lang='lat' dir='ltr'><strong>insulam</strong></span> <span class='ocrx_word' id='word_1_60' title='bbox 915 922 1023 983; x_wconf 88' lang='lat' dir='ltr'><strong>adisset</strong></span> <span class='ocrx_word' id='word_1_61' title='bbox 1037 933 1065 982; x_wconf 88' lang='lat' dir='ltr'><strong>et</strong></span> <span class='ocrx_word' id='word_1_62' title='bbox 1080 939 1171 999; x_wconf 85' lang='lat' dir='ltr'><strong>genus</strong></span> <span class='ocrx_word' id='word_1_63' title='bbox 1187 919 1286 980; x_wconf 90' lang='lat' dir='ltr'><strong>homi-</strong></span> 
     </span>
     <span class='ocr_line' id='line_1_8' title="bbox 227 1003 1286 1089; baseline -0.006 -19"><span class='ocrx_word' id='word_1_64' title='bbox 227 1029 300 1071; x_wconf 89' lang='lat' dir='ltr'><strong>num</strong></span> <span class='ocrx_word' id='word_1_65' title='bbox 315 1011 525 1089; x_wconf 78' lang='lat' dir='ltr'><strong>perspexisset,</strong></span> <span class='ocrx_word' id='word_1_66' title='bbox 540 1011 616 1080; x_wconf 88' lang='lat' dir='ltr'><strong>loca,</strong></span> <span class='ocrx_word' id='word_1_67' title='bbox 633 1019 750 1088; x_wconf 87' lang='lat' dir='ltr'><strong>portus,</strong></span> <span class='ocrx_word' id='word_1_68' title='bbox 767 1008 861 1069; x_wconf 89' lang='lat' dir='ltr'><strong>aditus</strong></span> <span class='ocrx_word' id='word_1_69' title='bbox 878 1006 1076 1084; x_wconf 55' lang='lat' dir='ltr'><strong>cognovissem</strong></span> <span class='ocrx_word' id='word_1_70' title='bbox 1099 1023 1171 1083; x_wconf 90' lang='lat' dir='ltr'><strong>quae</strong></span> <span class='ocrx_word' id='word_1_71' title='bbox 1188 1003 1286 1064; x_wconf 91' lang='lat' dir='ltr'><strong>omnia</strong></span> 
     </span>
     <span class='ocr_line' id='line_1_9' title="bbox 190 1093 1285 1174; baseline -0.007 -19"><span class='ocrx_word' id='word_1_72' title='bbox 190 1105 206 1155; x_wconf 87' lang='grc'>3</span> <span class='ocrx_word' id='word_1_73' title='bbox 227 1097 285 1155; x_wconf 86' lang='lat' dir='ltr'><strong>lere</strong></span> <span class='ocrx_word' id='word_1_74' title='bbox 301 1095 387 1154; x_wconf 86' lang='lat' dir='ltr'><strong>Gallis</strong></span> <span class='ocrx_word' id='word_1_75' title='bbox 399 1102 481 1154; x_wconf 89' lang='lat' dir='ltr'><strong>erant</strong></span> <span class='ocrx_word' id='word_1_76' title='bbox 491 1094 647 1172; x_wconf 83' lang='lat' dir='ltr'><strong>incognita.</strong></span> <span class='ocrx_word' id='word_1_77' title='bbox 662 1095 761 1174; x_wconf 88' lang='lat' dir='ltr'><strong>Neque</strong></span> <span class='ocrx_word' id='word_1_78' title='bbox 776 1093 853 1153; x_wconf 91' lang='lat' dir='ltr'><strong>enim</strong></span> <span class='ocrx_word' id='word_1_79' title='bbox 864 1100 973 1166; x_wconf 87' lang='lat' dir='ltr'><strong>temere</strong></span> <span class='ocrx_word' id='word_1_80' title='bbox 984 1097 1098 1169; x_wconf 89' lang='lat' dir='ltr'><strong>praeter</strong></span> <span class='ocrx_word' id='word_1_81' title='bbox 1109 1096 1285 1150; x_wconf 81' lang='lat' dir='ltr'><strong>mercatores</strong></span> 
     </span>
     <span class='ocr_line' id='line_1_10' title="bbox 226 1171 1284 1258; baseline -0.006 -20"><span class='ocrx_word' id='word_1_82' title='bbox 226 1179 274 1239; x_wconf 91' lang='lat' dir='ltr'><strong>illo</strong></span> <span class='ocrx_word' id='word_1_83' title='bbox 291 1179 350 1238; x_wconf 86' lang='lat' dir='ltr'><strong>adit</strong></span> <span class='ocrx_word' id='word_1_84' title='bbox 365 1179 533 1257; x_wconf 82' lang='lat' dir='ltr'><strong>quisquam,</strong></span> <span class='ocrx_word' id='word_1_85' title='bbox 552 1196 646 1256; x_wconf 89' lang='lat' dir='ltr'><strong>neque</strong></span> <span class='ocrx_word' id='word_1_86' title='bbox 660 1179 696 1238; x_wconf 91' lang='lat' dir='ltr'><strong>iis</strong></span> <span class='ocrx_word' id='word_1_87' title='bbox 711 1178 783 1258; x_wconf 90' lang='lat' dir='ltr'><strong>ipsis</strong></span> <span class='ocrx_word' id='word_1_88' title='bbox 796 1177 950 1256; x_wconf 84' lang='lat' dir='ltr'><strong>quicquam</strong></span> <span class='ocrx_word' id='word_1_89' title='bbox 966 1182 1080 1254; x_wconf 89' lang='lat' dir='ltr'><strong>praeter</strong></span> <span class='ocrx_word' id='word_1_90' title='bbox 1096 1192 1179 1233; x_wconf 90' lang='lat' dir='ltr'><strong>oram</strong></span> <span class='ocrx_word' id='word_1_91' title='bbox 1196 1171 1284 1233; x_wconf 89' lang='lat' dir='ltr'><strong>mari-</strong></span> 
     </span>
    </p>
   </div>
   <div class='ocr_carea' id='block_1_5' title="bbox 226 1259 1294 1341">
    <p class='ocr_par' dir='ltr' id='par_1_5' title="bbox 226 1259 1294 1341">
     <span class='ocr_line' id='line_1_11' title="bbox 226 1259 1294 1341; baseline -0.006 -19"><span class='ocrx_word' id='word_1_92' title='bbox 226 1263 328 1322; x_wconf 86' lang='lat' dir='ltr'><strong>timam</strong></span> <span class='ocrx_word' id='word_1_93' title='bbox 350 1271 435 1340; x_wconf 90' lang='lat' dir='ltr'><strong>atque</strong></span> <span class='ocrx_word' id='word_1_94' title='bbox 455 1282 502 1322; x_wconf 88' lang='lat' dir='ltr'><strong>eas</strong></span> <span class='ocrx_word' id='word_1_95' title='bbox 518 1263 667 1340; x_wconf 81' lang='lat' dir='ltr'><strong>regiones,</strong></span> <span class='ocrx_word' id='word_1_96' title='bbox 686 1282 758 1341; x_wconf 88' lang='lat' dir='ltr'><strong>quae</strong></span> <span class='ocrx_word' id='word_1_97' title='bbox 774 1268 843 1322; x_wconf 89' lang='lat' dir='ltr'><strong>sunt</strong></span> <span class='ocrx_word' id='word_1_98' title='bbox 859 1268 959 1320; x_wconf 89' lang='lat' dir='ltr'><strong>contra</strong></span> <span class='ocrx_word' id='word_1_99' title='bbox 974 1259 1091 1331; x_wconf 85' lang='lat' dir='ltr'><strong>Gallias,</strong></span> <span class='ocrx_word' id='word_1_100' title='bbox 1110 1265 1215 1317; x_wconf 89' lang='lat' dir='ltr'><strong>notum</strong></span> <span class='ocrx_word' id='word_1_101' title='bbox 1231 1265 1294 1316; x_wconf 82' lang='lat' dir='ltr'><strong>est.</strong></span> 
     </span>
    </p>
   </div>
   <div class='ocr_carea' id='block_1_6' title="bbox 189 1345 1286 1426">
    <p class='ocr_par' dir='ltr' id='par_1_6' title="bbox 189 1345 1286 1426">
     <span class='ocr_line' id='line_1_12' title="bbox 189 1345 1286 1426; baseline -0.005 -20"><span class='ocrx_word' id='word_1_102' title='bbox 189 1355 206 1406; x_wconf 87' lang='lat'>4</span> <span class='ocrx_word' id='word_1_103' title='bbox 225 1347 324 1424; x_wconf 89' lang='lat' dir='ltr'><strong>ltaque</strong></span> <span class='ocrx_word' id='word_1_104' title='bbox 349 1346 458 1406; x_wconf 87' lang='lat' dir='ltr'><strong>vocatis</strong></span> <span class='ocrx_word' id='word_1_105' title='bbox 485 1347 520 1406; x_wconf 94' lang='lat' dir='ltr'><strong>ad</strong></span> <span class='ocrx_word' id='word_1_106' title='bbox 547 1366 578 1406; x_wconf 92' lang='lat' dir='ltr'><strong>se</strong></span> <span class='ocrx_word' id='word_1_107' title='bbox 597 1348 724 1426; x_wconf 86' lang='lat' dir='ltr'><strong>undique</strong></span> <span class='ocrx_word' id='word_1_108' title='bbox 744 1345 955 1406; x_wconf 85' lang='lat' dir='ltr'><strong>mercatoribus</strong></span> <span class='ocrx_word' id='word_1_109' title='bbox 975 1363 1068 1423; x_wconf 85' lang='lat' dir='ltr'><strong>neque</strong></span> <span class='ocrx_word' id='word_1_110' title='bbox 1088 1349 1195 1420; x_wconf 91' lang='lat' dir='ltr'><strong>quanta</strong></span> <span class='ocrx_word' id='word_1_111' title='bbox 1210 1348 1286 1402; x_wconf 89' lang='lat' dir='ltr'><strong>esset</strong></span> 
     </span>
    </p>
   </div>
   <div class='ocr_carea' id='block_1_7' title="bbox 225 1422 1392 1510">
    <p class='ocr_par' dir='ltr' id='par_1_7' title="bbox 225 1422 1392 1510">
     <span class='ocr_line' id='line_1_13' title="bbox 225 1422 1392 1510; baseline -0.005 -20"><span class='ocrx_word' id='word_1_112' title='bbox 225 1431 337 1491; x_wconf 89' lang='lat' dir='ltr'><strong>insulae</strong></span> <span class='ocrx_word' id='word_1_113' title='bbox 357 1431 542 1508; x_wconf 82' lang='lat' dir='ltr'><strong>magnitudo,</strong></span> <span class='ocrx_word' id='word_1_114' title='bbox 561 1449 655 1509; x_wconf 89' lang='lat' dir='ltr'><strong>neque</strong></span> <span class='ocrx_word' id='word_1_115' title='bbox 676 1451 748 1510; x_wconf 89' lang='lat' dir='ltr'><strong>quae</strong></span> <span class='ocrx_word' id='word_1_116' title='bbox 764 1437 812 1490; x_wconf 81' lang='lat' dir='ltr'><strong>cut</strong></span> <span class='ocrx_word' id='word_1_117' title='bbox 828 1422 951 1508; x_wconf 80' lang='lat' dir='ltr'><strong>quantae</strong></span> <span class='ocrx_word' id='word_1_118' title='bbox 965 1429 1099 1488; x_wconf 86' lang='lat' dir='ltr'><strong>nationes</strong></span> <span class='ocrx_word' id='word_1_119' title='bbox 1115 1427 1284 1498; x_wconf 85' lang='lat' dir='ltr'><strong>incolerent,</strong></span> <span class='ocrx_word' id='word_1_120' title='bbox 1336 1457 1339 1463; x_wconf 95' lang='lat'>·</span> <span class='ocrx_word' id='word_1_121' title='bbox 1391 1427 1392 1430; x_wconf 73' lang='grc'>’</span> 
     </span>
    </p>
   </div>
   <div class='ocr_carea' id='block_1_8' title="bbox 224 1511 1285 1678">
    <p class='ocr_par' dir='ltr' id='par_1_8' title="bbox 224 1511 1285 1678">
     <span class='ocr_line' id='line_1_14' title="bbox 225 1511 1285 1594; baseline -0.007 -18"><span class='ocrx_word' id='word_1_122' title='bbox 225 1533 320 1594; x_wconf 87' lang='lat' dir='ltr'><strong>neque</strong></span> <span class='ocrx_word' id='word_1_123' title='bbox 339 1534 425 1593; x_wconf 90' lang='lat' dir='ltr'><strong>quem</strong></span> <span class='ocrx_word' id='word_1_124' title='bbox 445 1534 532 1574; x_wconf 91' lang='lat' dir='ltr'><strong>usum</strong></span> <span class='ocrx_word' id='word_1_125' title='bbox 552 1515 618 1575; x_wconf 94' lang='lat' dir='ltr'><strong>belli</strong></span> <span class='ocrx_word' id='word_1_126' title='bbox 632 1516 772 1576; x_wconf 89' lang='lat' dir='ltr'><strong>haberent</strong></span> <span class='ocrx_word' id='word_1_127' title='bbox 787 1523 836 1574; x_wconf 90' lang='lat' dir='ltr'><strong>aut</strong></span> <span class='ocrx_word' id='word_1_128' title='bbox 851 1514 955 1592; x_wconf 89' lang='lat' dir='ltr'><strong>quibus</strong></span> <span class='ocrx_word' id='word_1_129' title='bbox 971 1511 1111 1572; x_wconf 89' lang='lat' dir='ltr'><strong>institutis</strong></span> <span class='ocrx_word' id='word_1_130' title='bbox 1126 1517 1285 1582; x_wconf 83' lang='lat' dir='ltr'><strong>uterentur,</strong></span> 
     </span>
     <span class='ocr_line' id='line_1_15' title="bbox 224 1595 1285 1678; baseline -0.007 -17"><span class='ocrx_word' id='word_1_131' title='bbox 224 1618 319 1677; x_wconf 88' lang='lat' dir='ltr'><strong>neque</strong></span> <span class='ocrx_word' id='word_1_132' title='bbox 334 1599 383 1678; x_wconf 87' lang='lat' dir='ltr'><strong>qui</strong></span> <span class='ocrx_word' id='word_1_133' title='bbox 394 1607 492 1660; x_wconf 88' lang='lat' dir='ltr'><strong>essent</strong></span> <span class='ocrx_word' id='word_1_134' title='bbox 503 1599 538 1660; x_wconf 90' lang='lat' dir='ltr'><strong>ad</strong></span> <span class='ocrx_word' id='word_1_135' title='bbox 550 1599 696 1660; x_wconf 90' lang='lat' dir='ltr'><strong>maiorum</strong></span> <span class='ocrx_word' id='word_1_136' title='bbox 706 1600 825 1659; x_wconf 90' lang='lat' dir='ltr'><strong>navium</strong></span> <span class='ocrx_word' id='word_1_137' title='bbox 838 1597 1053 1658; x_wconf 87' lang='lat' dir='ltr'><strong>multitudinem</strong></span> <span class='ocrx_word' id='word_1_138' title='bbox 1064 1595 1161 1656; x_wconf 90' lang='lat' dir='ltr'><strong>idonei</strong></span> <span class='ocrx_word' id='word_1_139' title='bbox 1173 1602 1285 1674; x_wconf 72' lang='lat' dir='ltr'><strong>portus</strong></span> 
     </span>
    </p>
   </div>
   <div class='ocr_carea' id='block_1_9' title="bbox 177 1684 490 1763">
    <p class='ocr_par' dir='ltr' id='par_1_9' title="bbox 177 1684 490 1763">
     <span class='ocr_line' id='line_1_16' title="bbox 177 1684 490 1763; baseline 0 -19"><span class='ocrx_word' id='word_1_140' title='bbox 177 1695 180 1698; x_wconf 82' lang='lat'>&#39;</span> <span class='ocrx_word' id='word_1_141' title='bbox 224 1684 352 1763; x_wconf 88' lang='lat' dir='ltr'><strong>reperire</strong></span> <span class='ocrx_word' id='word_1_142' title='bbox 367 1691 490 1763; x_wconf 87' lang='lat' dir='ltr'><strong>poterat.</strong></span> 
     </span>
    </p>
   </div>
   <div class='ocr_carea' id='block_1_10' title="bbox 225 1764 1285 1926">
    <p class='ocr_par' dir='ltr' id='par_1_10' title="bbox 225 1764 1285 1926">
     <span class='ocr_line' id='line_1_17' title="bbox 311 1764 1285 1847; baseline -0.011 -14"><span class='ocrx_word' id='word_1_143' title='bbox 311 1774 363 1833; x_wconf 75' lang='lat'><strong>21.</strong></span> <span class='ocrx_word' id='word_1_144' title='bbox 396 1768 439 1828; x_wconf 83' lang='lat' dir='ltr'><strong>hd</strong></span> <span class='ocrx_word' id='word_1_145' title='bbox 463 1769 534 1828; x_wconf 92' lang='lat' dir='ltr'><strong>haec</strong></span> <span class='ocrx_word' id='word_1_146' title='bbox 555 1769 772 1846; x_wconf 85' lang='lat' dir='ltr'><strong>cognoscenda,</strong></span> <span class='ocrx_word' id='word_1_147' title='bbox 797 1767 967 1847; x_wconf 84' lang='lat' dir='ltr'><strong>priusquam</strong></span> <span class='ocrx_word' id='word_1_148' title='bbox 990 1764 1151 1843; x_wconf 88' lang='lat' dir='ltr'><strong>periculum</strong></span> <span class='ocrx_word' id='word_1_149' title='bbox 1172 1765 1285 1836; x_wconf 88' lang='lat' dir='ltr'><strong>laceret,</strong></span> 
     </span>
     <span class='ocr_line' id='line_1_18' title="bbox 225 1849 1284 1926; baseline -0.006 -13"><span class='ocrx_word' id='word_1_150' title='bbox 225 1853 365 1913; x_wconf 89' lang='lat' dir='ltr'><strong>idoneum</strong></span> <span class='ocrx_word' id='word_1_151' title='bbox 381 1871 445 1912; x_wconf 90' lang='lat' dir='ltr'><strong>esse</strong></span> <span class='ocrx_word' id='word_1_152' title='bbox 460 1853 613 1914; x_wconf 89' lang='lat' dir='ltr'><strong>arbitratus</strong></span> <span class='ocrx_word' id='word_1_153' title='bbox 630 1853 734 1914; x_wconf 86' lang='lat' dir='ltr'><strong>Gaium</strong></span> <span class='ocrx_word' id='word_1_154' title='bbox 745 1853 923 1913; x_wconf 88' lang='lat' dir='ltr'><strong>Volusenum</strong></span> <span class='ocrx_word' id='word_1_155' title='bbox 940 1869 1006 1910; x_wconf 92' lang='lat' dir='ltr'><strong>cum</strong></span> <span class='ocrx_word' id='word_1_156' title='bbox 1022 1849 1087 1908; x_wconf 85' lang='lat' dir='ltr'><strong>navi</strong></span> <span class='ocrx_word' id='word_1_157' title='bbox 1101 1849 1188 1926; x_wconf 83' lang='lat' dir='ltr'><strong>longa</strong></span> <span class='ocrx_word' id='word_1_158' title='bbox 1199 1865 1284 1926; x_wconf 85' lang='lat' dir='ltr'><strong>prae-</strong></span> 
     </span>
    </p>
   </div>
   <div class='ocr_carea' id='block_1_11' title="bbox 190 2015 730 2088">
    <p class='ocr_par' dir='ltr' id='par_1_11' title="bbox 190 2015 730 2088">
     <span class='ocr_line' id='line_1_19' title="bbox 190 2015 730 2088; baseline 0.004 -20"><span class='ocrx_word' id='word_1_159' title='bbox 190 2015 198 2020; x_wconf 52' lang='lat'><em>*</em></span> <span class='ocrx_word' id='word_1_160' title='bbox 225 2019 270 2068; x_wconf 85' lang='lat'><strong>25:</strong></span> <span class='ocrx_word' id='word_1_161' title='bbox 291 2017 470 2070; x_wconf 85' lang='lat' dir='ltr'><strong>Germanos-</strong></span> <span class='ocrx_word' id='word_1_162' title='bbox 485 2023 587 2087; x_wconf 84' lang='lat' dir='ltr'><strong>prr&#39;rnas</strong></span> <span class='ocrx_word' id='word_1_163' title='bbox 597 2021 730 2088; x_wconf 80' lang='lat' dir='ltr'><strong>pontesc-</strong></span> 
     </span>
    </p>
   </div>
   <div class='ocr_carea' id='block_1_12' title="bbox 225 2090 740 2152">
    <p class='ocr_par' dir='ltr' id='par_1_12' title="bbox 225 2090 740 2152">
     <span class='ocr_line' id='line_1_20' title="bbox 225 2090 740 2152; baseline 0 -15"><span class='ocrx_word' id='word_1_164' title='bbox 225 2090 323 2137; x_wconf 82' lang='lat' dir='ltr'><strong>bricato</strong></span> <span class='ocrx_word' id='word_1_165' title='bbox 339 2101 484 2152; x_wconf 63' lang='lat' dir='ltr'><strong>aggressus</strong></span> <span class='ocrx_word' id='word_1_166' title='bbox 500 2091 623 2138; x_wconf 60' lang='lat' dir='ltr'><strong>marannis</strong></span> <span class='ocrx_word' id='word_1_167' title='bbox 641 2091 740 2152; x_wconf 82' lang='lat' dir='ltr'><strong>affecit</strong></span> 
     </span>
    </p>
   </div>
   <div class='ocr_carea' id='block_1_13' title="bbox 205 2153 729 3910">
    <p class='ocr_par' dir='ltr' id='par_1_13' title="bbox 205 2153 729 3704">
     <span class='ocr_line' id='line_1_21' title="bbox 224 2153 729 2218; baseline 0.004 -15"><span class='ocrx_word' id='word_1_168' title='bbox 224 2153 346 2204; x_wconf 81' lang='lat' dir='ltr'><strong>cladibus.</strong></span> <span class='ocrx_word' id='word_1_169' title='bbox 369 2153 426 2203; x_wconf 73' lang='lat' dir='ltr'><strong>Cas.</strong></span> <span class='ocrx_word' id='word_1_170' title='bbox 445 2155 525 2203; x_wconf 89' lang='lat' dir='ltr'><strong>selbst</strong></span> <span class='ocrx_word' id='word_1_171' title='bbox 546 2163 602 2218; x_wconf 84' lang='lat' dir='ltr'><strong>sagt</strong></span> <span class='ocrx_word' id='word_1_172' title='bbox 614 2156 641 2204; x_wconf 90' lang='lat' dir='ltr'><strong>B.</strong></span> <span class='ocrx_word' id='word_1_173' title='bbox 660 2155 686 2204; x_wconf 87' lang='lat' dir='ltr'><strong>C.</strong></span> <span class='ocrx_word' id='word_1_174' title='bbox 706 2155 729 2205; x_wconf 92' lang='lat'><strong>1.</strong></span> 
     </span>
     <span class='ocr_line' id='line_1_22' title="bbox 225 2221 729 2286; baseline 0.006 -17"><span class='ocrx_word' id='word_1_175' title='bbox 225 2221 283 2285; x_wconf 77' lang='lat' dir='ltr'><strong>&#39;l‚6</strong></span> <span class='ocrx_word' id='word_1_176' title='bbox 306 2222 374 2270; x_wconf 89' lang='lat' dir='ltr'><strong>nicht</strong></span> <span class='ocrx_word' id='word_1_177' title='bbox 394 2223 457 2270; x_wconf 89' lang='lat' dir='ltr'><strong>ohne</strong></span> <span class='ocrx_word' id='word_1_178' title='bbox 474 2221 675 2286; x_wconf 84' lang='lat' dir='ltr'><strong>Uebertreibung</strong></span> <span class='ocrx_word' id='word_1_179' title='bbox 697 2239 729 2272; x_wconf 87' lang='lat' dir='ltr'><strong>zu</strong></span> 
     </span>
     <span class='ocr_line' id='line_1_23' title="bbox 226 2289 728 2358; baseline 0.006 -21"><span class='ocrx_word' id='word_1_180' title='bbox 226 2289 312 2338; x_wconf 89' lang='lat' dir='ltr'><strong>seincn</strong></span> <span class='ocrx_word' id='word_1_181' title='bbox 330 2289 463 2338; x_wconf 86' lang='lat' dir='ltr'><strong>Soldaten:</strong></span> <span class='ocrx_word' id='word_1_182' title='bbox 481 2292 553 2340; x_wconf 74' lang='lat' dir='ltr'><strong>cazas</strong></span> <span class='ocrx_word' id='word_1_183' title='bbox 564 2293 728 2358; x_wconf 71' lang='lat' dir='ltr'><strong>imperatoris</strong></span> 
     </span>
     <span class='ocr_line' id='line_1_24' title="bbox 224 2354 729 2408; baseline 0 -2"><span class='ocrx_word' id='word_1_184' title='bbox 224 2355 302 2406; x_wconf 80' lang='lat' dir='ltr'><strong>ducta</strong></span> <span class='ocrx_word' id='word_1_185' title='bbox 314 2385 349 2392; x_wconf 88' lang='lat'><em>-</em></span> <span class='ocrx_word' id='word_1_186' title='bbox 367 2371 467 2405; x_wconf 84' lang='lat' dir='ltr'><strong>ornnem</strong></span> <span class='ocrx_word' id='word_1_187' title='bbox 481 2354 586 2406; x_wconf 84' lang='lat' dir='ltr'><strong>Galliam</strong></span> <span class='ocrx_word' id='word_1_188' title='bbox 600 2355 729 2408; x_wconf 84' lang='lat' dir='ltr'><strong>Germa-</strong></span> 
     </span>
     <span class='ocr_line' id='line_1_25' title="bbox 223 2424 728 2540; baseline 0.002 -67"><span class='ocrx_word' id='word_1_189' title='bbox 223 2426 368 2540; x_wconf 64' lang='lat' dir='ltr'><strong>pr&#39;ppappre</strong></span> <span class='ocrx_word' id='word_1_190' title='bbox 380 2427 537 2491; x_wconf 77' lang='lat' dir='ltr'><strong>pacaverint.</strong></span> <span class='ocrx_word' id='word_1_191' title='bbox 561 2424 587 2474; x_wconf 89' lang='lat' dir='ltr'><strong>S.</strong></span> <span class='ocrx_word' id='word_1_192' title='bbox 599 2432 677 2474; x_wconf 85' lang='lat' dir='ltr'><strong>uutcn</strong></span> <span class='ocrx_word' id='word_1_193' title='bbox 695 2441 728 2474; x_wconf 91' lang='lat' dir='ltr'><strong>zu</strong></span> 
     </span>
     <span class='ocr_line' id='line_1_26' title="bbox 237 2529 340 2552; baseline 0.01 -7"><span class='ocrx_word' id='word_1_194' title='bbox 237 2529 249 2545; x_wconf 87' lang='lat'><strong>.·</strong></span> <span class='ocrx_word' id='word_1_195' title='bbox 296 2529 303 2552; x_wconf 72' lang='lat'><em>9</em></span> <span class='ocrx_word' id='word_1_196' title='bbox 335 2529 340 2540; x_wconf 84' lang='lat'><strong>¹</strong></span> 
     </span>
     <span class='ocr_line' id='line_1_27' title="bbox 257 2549 726 2626; baseline 0.004 -18"><span class='ocrx_word' id='word_1_197' title='bbox 257 2549 311 2608; x_wconf 73' lang='lat'><strong>20.</strong></span> <span class='ocrx_word' id='word_1_198' title='bbox 336 2558 358 2608; x_wconf 91' lang='grc'><strong>1.</strong></span> <span class='ocrx_word' id='word_1_199' title='bbox 385 2557 421 2608; x_wconf 81' lang='lat' dir='ltr'><strong>ad</strong></span> <span class='ocrx_word' id='word_1_200' title='bbox 439 2561 562 2626; x_wconf 86' lang='lat' dir='ltr'><strong>septentr.</strong></span> <span class='ocrx_word' id='word_1_201' title='bbox 583 2563 681 2625; x_wconf 71' lang='lat' dir='ltr'><strong>vergit:</strong></span> <span class='ocrx_word' id='word_1_202' title='bbox 704 2560 726 2610; x_wconf 92' lang='lat'><strong>1.</strong></span> 
     </span>
     <span class='ocr_line' id='line_1_28' title="bbox 226 2625 729 2692; baseline 0.006 -19"><span class='ocrx_word' id='word_1_203' title='bbox 226 2625 270 2690; x_wconf 83' lang='grc'><strong>16,</strong></span> <span class='ocrx_word' id='word_1_204' title='bbox 283 2625 308 2676; x_wconf 85' lang='grc'><strong>2.</strong></span> <span class='ocrx_word' id='word_1_205' title='bbox 325 2654 358 2662; x_wconf 87' lang='grc'><strong>-</strong></span> <span class='ocrx_word' id='word_1_206' title='bbox 375 2625 444 2692; x_wconf 82' lang='lat' dir='ltr'><strong>qaod</strong></span> <span class='ocrx_word' id='word_1_207' title='bbox 458 2629 575 2678; x_wconf 75' lang='lat' dir='ltr'><strong>omnebus</strong></span> <span class='ocrx_word' id='word_1_208' title='bbox 588 2657 621 2664; x_wconf 87' lang='lat'><em>-</em></span> <span class='ocrx_word' id='word_1_209' title='bbox 632 2627 729 2678; x_wconf 83' lang='lat' dir='ltr'><strong>intelle-</strong></span> 
     </span>
     <span class='ocr_line' id='line_1_29' title="bbox 222 2694 729 2757; baseline 0.002 -14"><span class='ocrx_word' id='word_1_210' title='bbox 222 2697 303 2757; x_wconf 73' lang='lat' dir='ltr'><strong>gebat</strong></span> <span class='ocrx_word' id='word_1_211' title='bbox 322 2694 368 2756; x_wconf 64' lang='grc' dir='ltr'><strong>(ε</strong></span> <span class='ocrx_word' id='word_1_212' title='bbox 380 2696 498 2757; x_wconf 69' lang='lat' dir='ltr'><strong>sedehat).</strong></span> <span class='ocrx_word' id='word_1_213' title='bbox 522 2694 582 2744; x_wconf 86' lang='lat' dir='ltr'><strong>Dies</strong></span> <span class='ocrx_word' id='word_1_214' title='bbox 599 2695 664 2745; x_wconf 87' lang='lat' dir='ltr'><strong>wird</strong></span> <span class='ocrx_word' id='word_1_215' title='bbox 679 2711 729 2744; x_wconf 85' lang='lat' dir='ltr'><strong>nur</strong></span> 
     </span>
     <span class='ocr_line' id='line_1_30' title="bbox 224 2760 727 2826; baseline 0.008 -18"><span class='ocrx_word' id='word_1_216' title='bbox 224 2760 279 2823; x_wconf 88' lang='grc'><strong>3.9,</strong></span> <span class='ocrx_word' id='word_1_217' title='bbox 292 2761 323 2809; x_wconf 83' lang='grc'><strong>10</strong></span> <span class='ocrx_word' id='word_1_218' title='bbox 336 2763 459 2810; x_wconf 81' lang='lat' dir='ltr'><strong>erw&#39;ahut.</strong></span> <span class='ocrx_word' id='word_1_219' title='bbox 477 2761 501 2810; x_wconf 83' lang='lat'><strong>2.</strong></span> <span class='ocrx_word' id='word_1_220' title='bbox 514 2762 576 2825; x_wconf 79' lang='lat'>14‚4</span> <span class='ocrx_word' id='word_1_221' title='bbox 585 2763 727 2826; x_wconf 87' lang='lat' dir='ltr'><strong>warendie,</strong></span> 
     </span>
     <span class='ocr_line' id='line_1_31' title="bbox 223 2827 729 2892; baseline 0.006 -16"><span class='ocrx_word' id='word_1_222' title='bbox 223 2828 318 2878; x_wconf 86' lang='lat' dir='ltr'><strong>welche</strong></span> <span class='ocrx_word' id='word_1_223' title='bbox 341 2829 381 2877; x_wconf 90' lang='lat' dir='ltr'><strong>dic</strong></span> <span class='ocrx_word' id='word_1_224' title='bbox 393 2828 546 2878; x_wconf 79' lang='lat' dir='ltr'><strong>bellovalien</strong></span> <span class='ocrx_word' id='word_1_225' title='bbox 567 2845 622 2879; x_wconf 88' lang='lat' dir='ltr'><strong>zum</strong></span> <span class='ocrx_word' id='word_1_226' title='bbox 635 2827 729 2892; x_wconf 71' lang='lat' dir='ltr'><strong>liriege</strong></span> 
     </span>
     <span class='ocr_line' id='line_1_32' title="bbox 223 2894 727 2958; baseline 0.004 -14"><span class='ocrx_word' id='word_1_227' title='bbox 223 2894 364 2957; x_wconf 79' lang='lat' dir='ltr'><strong>ausgereizt</strong></span> <span class='ocrx_word' id='word_1_228' title='bbox 384 2897 481 2958; x_wconf 85' lang='lat' dir='ltr'><strong>hatten,</strong></span> <span class='ocrx_word' id='word_1_229' title='bbox 500 2896 560 2944; x_wconf 87' lang='lat' dir='ltr'><strong>uach</strong></span> <span class='ocrx_word' id='word_1_230' title='bbox 582 2897 727 2946; x_wconf 84' lang='lat' dir='ltr'><strong>Britannica</strong></span> 
     </span>
     <span class='ocr_line' id='line_1_33' title="bbox 223 2961 727 3024; baseline 0.006 -14"><span class='ocrx_word' id='word_1_231' title='bbox 223 2963 345 3024; x_wconf 80' lang='lat' dir='ltr'><strong>gellolren.</strong></span> <span class='ocrx_word' id='word_1_232' title='bbox 382 2961 535 3010; x_wconf 90' lang='lat' dir='ltr'><strong>Schwerlich</strong></span> <span class='ocrx_word' id='word_1_233' title='bbox 547 2977 601 3012; x_wconf 89' lang='lat' dir='ltr'><strong>war</strong></span> <span class='ocrx_word' id='word_1_234' title='bbox 620 2965 674 3012; x_wconf 90' lang='lat' dir='ltr'><strong>dics</strong></span> <span class='ocrx_word' id='word_1_235' title='bbox 687 2965 727 3013; x_wconf 90' lang='lat' dir='ltr'><strong>ein</strong></span> 
     </span>
     <span class='ocr_line' id='line_1_34' title="bbox 223 3028 726 3093; baseline 0.006 -16"><span class='ocrx_word' id='word_1_236' title='bbox 223 3029 432 3077; x_wconf 88' lang='lat' dir='ltr'><strong>entscheideuder</strong></span> <span class='ocrx_word' id='word_1_237' title='bbox 454 3028 539 3079; x_wconf 89' lang='lat' dir='ltr'><strong>Grund</strong></span> <span class='ocrx_word' id='word_1_238' title='bbox 560 3029 602 3079; x_wconf 84' lang='lat' dir='ltr'><strong>hir</strong></span> <span class='ocrx_word' id='word_1_239' title='bbox 618 3030 645 3081; x_wconf 90' lang='lat' dir='ltr'><strong>C.</strong></span> <span class='ocrx_word' id='word_1_240' title='bbox 666 3031 726 3093; x_wconf 89' lang='lat' dir='ltr'><strong>Der,</strong></span> 
     </span>
     <span class='ocr_line' id='line_1_35' title="bbox 222 3095 726 3160; baseline 0.012 -17"><span class='ocrx_word' id='word_1_241' title='bbox 222 3109 295 3144; x_wconf 90' lang='lat' dir='ltr'><strong>wcnn</strong></span> <span class='ocrx_word' id='word_1_242' title='bbox 308 3096 369 3145; x_wconf 90' lang='lat' dir='ltr'><strong>auch</strong></span> <span class='ocrx_word' id='word_1_243' title='bbox 383 3097 446 3144; x_wconf 88' lang='lat' dir='ltr'><strong>ohne</strong></span> <span class='ocrx_word' id='word_1_244' title='bbox 459 3095 583 3160; x_wconf 80' lang='lat' dir='ltr'><strong>lloffnung</strong></span> <span class='ocrx_word' id='word_1_245' title='bbox 595 3098 641 3148; x_wconf 84' lang='lat' dir='ltr'><strong>auf</strong></span> <span class='ocrx_word' id='word_1_246' title='bbox 650 3100 726 3148; x_wconf 85' lang='lat' dir='ltr'><strong>nach-</strong></span> 
     </span>
     <span class='ocr_line' id='line_1_36' title="bbox 222 3160 726 3229; baseline 0.012 -19"><span class='ocrx_word' id='word_1_247' title='bbox 222 3160 334 3224; x_wconf 84' lang='lat' dir='ltr'><strong>baltigen</strong></span> <span class='ocrx_word' id='word_1_248' title='bbox 347 3161 436 3226; x_wconf 81' lang='lat' dir='ltr'><strong>llrsolg</strong></span> <span class='ocrx_word' id='word_1_249' title='bbox 448 3180 479 3212; x_wconf 87' lang='lat' dir='ltr'><strong>zu</strong></span> <span class='ocrx_word' id='word_1_250' title='bbox 491 3165 656 3229; x_wconf 79' lang='lat' dir='ltr'><strong>ungiinstiger</strong></span> <span class='ocrx_word' id='word_1_251' title='bbox 667 3165 726 3216; x_wconf 86' lang='lat' dir='ltr'><strong>Zeit</strong></span> 
     </span>
     <span class='ocr_line' id='line_1_37' title="bbox 222 3229 724 3295; baseline 0.014 -18"><span class='ocrx_word' id='word_1_252' title='bbox 222 3229 268 3278; x_wconf 89' lang='lat' dir='ltr'><strong>mit</strong></span> <span class='ocrx_word' id='word_1_253' title='bbox 285 3245 332 3278; x_wconf 86' lang='lat' dir='ltr'><strong>nur</strong></span> <span class='ocrx_word' id='word_1_254' title='bbox 349 3231 413 3280; x_wconf 89' lang='lat' dir='ltr'><strong>zwei</strong></span> <span class='ocrx_word' id='word_1_255' title='bbox 429 3229 557 3295; x_wconf 78' lang='lat' dir='ltr'><strong>Legiones</strong></span> <span class='ocrx_word' id='word_1_256' title='bbox 578 3241 724 3284; x_wconf 80' lang='lat' dir='ltr'><strong>aeternam-</strong></span> 
     </span>
     <span class='ocr_line' id='line_1_38' title="bbox 221 3296 726 3360; baseline 0.014 -14"><span class='ocrx_word' id='word_1_257' title='bbox 221 3311 293 3346; x_wconf 88' lang='lat' dir='ltr'><strong>menc</strong></span> <span class='ocrx_word' id='word_1_258' title='bbox 312 3296 369 3360; x_wconf 81' lang='lat' dir='ltr'><strong>Zug</strong></span> <span class='ocrx_word' id='word_1_259' title='bbox 384 3298 409 3346; x_wconf 89' lang='lat' dir='ltr'><strong>in</strong></span> <span class='ocrx_word' id='word_1_260' title='bbox 427 3300 471 3349; x_wconf 90' lang='lat' dir='ltr'><strong>das</strong></span> <span class='ocrx_word' id='word_1_261' title='bbox 483 3299 643 3352; x_wconf 83' lang='lat' dir='ltr'><strong>unbekanute</strong></span> <span class='ocrx_word' id='word_1_262' title='bbox 655 3301 726 3353; x_wconf 87' lang='lat' dir='ltr'><strong>Laod</strong></span> 
     </span>
     <span class='ocr_line' id='line_1_39' title="bbox 221 3365 726 3434; baseline 0.012 -21"><span class='ocrx_word' id='word_1_263' title='bbox 221 3371 318 3415; x_wconf 89' lang='lat' dir='ltr'><strong>musste</strong></span> <span class='ocrx_word' id='word_1_264' title='bbox 331 3365 354 3414; x_wconf 89' lang='lat' dir='ltr'><strong>in</strong></span> <span class='ocrx_word' id='word_1_265' title='bbox 364 3367 726 3434; x_wconf 78' lang='lat' dir='ltr'><strong>nnmittelbarcherblndung</strong></span> 
     </span>
     <span class='ocr_line' id='line_1_40' title="bbox 205 3433 724 3503; baseline 0.012 -21"><span class='ocrx_word' id='word_1_266' title='bbox 205 3433 266 3503; x_wconf 38' lang='lat' dir='ltr'><strong>&#39;mit</strong></span> <span class='ocrx_word' id='word_1_267' title='bbox 275 3433 359 3496; x_wconf 84' lang='lat' dir='ltr'><strong>jonam</strong></span> <span class='ocrx_word' id='word_1_268' title='bbox 371 3433 557 3485; x_wconf 88' lang='lat' dir='ltr'><strong>Uuternehmen</strong></span> <span class='ocrx_word' id='word_1_269' title='bbox 574 3439 636 3487; x_wconf 89' lang='lat' dir='ltr'><strong>noch</strong></span> <span class='ocrx_word' id='word_1_270' title='bbox 650 3441 724 3500; x_wconf 75' lang='lat' dir='ltr'><strong>griis-</strong></span> 
     </span>
     <span class='ocr_line' id='line_1_41' title="bbox 222 3501 723 3570; baseline 0.01 -20"><span class='ocrx_word' id='word_1_271' title='bbox 222 3515 280 3550; x_wconf 85' lang='lat' dir='ltr'><strong>sere</strong></span> <span class='ocrx_word' id='word_1_272' title='bbox 290 3501 481 3566; x_wconf 80' lang='lat' dir='ltr'><strong>Bewuuderung</strong></span> <span class='ocrx_word' id='word_1_273' title='bbox 494 3519 600 3568; x_wconf 80' lang='lat' dir='ltr'><strong>erregcn</strong></span> <span class='ocrx_word' id='word_1_274' title='bbox 615 3507 665 3570; x_wconf 83' lang='lat' dir='ltr'><strong>und</strong></span> <span class='ocrx_word' id='word_1_275' title='bbox 682 3505 723 3569; x_wconf 88' lang='lat'><strong>38,</strong></span> 
     </span>
     <span class='ocr_line' id='line_1_42' title="bbox 222 3567 725 3632; baseline 0.012 -16"><span class='ocrx_word' id='word_1_276' title='bbox 222 3567 237 3616; x_wconf 88' lang='lat'>5</span> <span class='ocrx_word' id='word_1_277' title='bbox 250 3569 326 3632; x_wconf 77' lang='lat' dir='ltr'><strong>zeigt‚</strong></span> <span class='ocrx_word' id='word_1_278' title='bbox 338 3570 449 3619; x_wconf 87' lang='lat' dir='ltr'><strong>welches</strong></span> <span class='ocrx_word' id='word_1_279' title='bbox 460 3569 574 3621; x_wconf 87' lang='lat' dir='ltr'><strong>Gewicht</strong></span> <span class='ocrx_word' id='word_1_280' title='bbox 583 3573 622 3622; x_wconf 90' lang='lat' dir='ltr'><strong>dic</strong></span> <span class='ocrx_word' id='word_1_281' title='bbox 631 3572 725 3622; x_wconf 80' lang='lat' dir='ltr'><strong>lldmcr</strong></span> 
     </span>
     <span class='ocr_line' id='line_1_43' title="bbox 222 3635 633 3704; baseline 0.005 -18"><span class='ocrx_word' id='word_1_282' title='bbox 222 3635 313 3686; x_wconf 79' lang='lat' dir='ltr'><strong>darauf</strong></span> <span class='ocrx_word' id='word_1_283' title='bbox 322 3637 416 3700; x_wconf 77' lang='lat' dir='ltr'><strong>legten.</strong></span> <span class='ocrx_word' id='word_1_284' title='bbox 435 3638 461 3687; x_wconf 92' lang='lat' dir='ltr'><strong>S.</strong></span> <span class='ocrx_word' id='word_1_285' title='bbox 474 3637 541 3687; x_wconf 87' lang='lat' dir='ltr'><strong>Einl.</strong></span> <span class='ocrx_word' id='word_1_286' title='bbox 555 3655 578 3704; x_wconf 87' lang='lat' dir='ltr'><strong>p.</strong></span> <span class='ocrx_word' id='word_1_287' title='bbox 592 3639 633 3689; x_wconf 85' lang='lat'><strong>23.</strong></span> 
     </span>
    </p>

    <p class='ocr_par' dir='ltr' id='par_1_14' title="bbox 218 3703 724 3910">
     <span class='ocr_line' id='line_1_44' title="bbox 256 3703 723 3770; baseline 0.009 -17"><span class='ocrx_word' id='word_1_288' title='bbox 256 3703 280 3752; x_wconf 87' lang='lat'><strong>2.</strong></span> <span class='ocrx_word' id='word_1_289' title='bbox 308 3704 551 3770; x_wconf 65' lang='lat' dir='ltr'><strong>deptcnet=nicht</strong></span> <span class='ocrx_word' id='word_1_290' title='bbox 571 3707 723 3757; x_wconf 90' lang='lat' dir='ltr'><strong>ausrcicbtc.</strong></span> 
     </span>
     <span class='ocr_line' id='line_1_45' title="bbox 220 3771 724 3841; baseline 0.01 -22"><span class='ocrx_word' id='word_1_291' title='bbox 220 3799 256 3807; x_wconf 92' lang='lat'>—</span> <span class='ocrx_word' id='word_1_292' title='bbox 275 3771 373 3821; x_wconf 73' lang='lat' dir='ltr'><strong>adisset</strong></span> <span class='ocrx_word' id='word_1_293' title='bbox 392 3777 418 3822; x_wconf 86' lang='lat' dir='ltr'><strong>at</strong></span> <span class='ocrx_word' id='word_1_294' title='bbox 435 3777 613 3841; x_wconf 78' lang='lat' dir='ltr'><strong>perspenirset</strong></span> <span class='ocrx_word' id='word_1_295' title='bbox 631 3804 666 3811; x_wconf 93' lang='lat'><em>-</em></span> <span class='ocrx_word' id='word_1_296' title='bbox 682 3791 724 3824; x_wconf 89' lang='lat' dir='ltr'><strong>co-</strong></span> 
     </span>
     <span class='ocr_line' id='line_1_46' title="bbox 218 3840 723 3910; baseline 0.008 -23"><span class='ocrx_word' id='word_1_297' title='bbox 218 3841 366 3902; x_wconf 80' lang='lat' dir='ltr'><strong>gnon&#39;sset:</strong></span> <span class='ocrx_word' id='word_1_298' title='bbox 385 3840 407 3890; x_wconf 92' lang='lat'><strong>1.</strong></span> <span class='ocrx_word' id='word_1_299' title='bbox 420 3840 465 3903; x_wconf 87' lang='grc'><strong>46,</strong></span> <span class='ocrx_word' id='word_1_300' title='bbox 481 3841 503 3890; x_wconf 88' lang='grc'><strong>1.</strong></span> <span class='ocrx_word' id='word_1_301' title='bbox 516 3869 550 3877; x_wconf 84' lang='grc'><strong>-</strong></span> <span class='ocrx_word' id='word_1_302' title='bbox 563 3846 723 3910; x_wconf 80' lang='lat' dir='ltr'><strong>perspicere:</strong></span> 
     </span>
    </p>
   </div>
   <div class='ocr_carea' id='block_1_14' title="bbox 147 3905 723 3966">
    <p class='ocr_par' dir='ltr' id='par_1_15' title="bbox 147 3905 723 3966">
     <span class='ocr_line' id='line_1_47' title="bbox 147 3905 723 3966; baseline 0.021 -18"><span class='ocrx_word' id='word_1_303' title='bbox 147 3935 156 3948; x_wconf 90' lang='lat'><strong>.</strong></span> <span class='ocrx_word' id='word_1_304' title='bbox 221 3918 301 3966; x_wconf 85' lang='lat' dir='ltr'><strong>genau</strong></span> <span class='ocrx_word' id='word_1_305' title='bbox 317 3905 414 3956; x_wconf 86' lang='lat' dir='ltr'><strong>kennen</strong></span> <span class='ocrx_word' id='word_1_306' title='bbox 432 3907 528 3962; x_wconf 84' lang='lat' dir='ltr'><strong>lernen.</strong></span> <span class='ocrx_word' id='word_1_307' title='bbox 544 3937 578 3946; x_wconf 82' lang='lat'>—</span> <span class='ocrx_word' id='word_1_308' title='bbox 592 3908 669 3962; x_wconf 79' lang='lat' dir='ltr'><strong>Gallis</strong></span> <span class='ocrx_word' id='word_1_309' title='bbox 684 3913 723 3960; x_wconf 84' lang='lat' dir='ltr'><strong>in·</strong></span> 
     </span>
    </p>
   </div>
   <div class='ocr_carea' id='block_1_15' title="bbox 220 3974 721 4042">
    <p class='ocr_par' dir='ltr' id='par_1_16' title="bbox 220 3974 721 4042">
     <span class='ocr_line' id='line_1_48' title="bbox 220 3974 721 4042; baseline 0.014 -22"><span class='ocrx_word' id='word_1_310' title='bbox 220 3975 331 4036; x_wconf 76' lang='lat' dir='ltr'><strong>cognita.</strong></span> <span class='ocrx_word' id='word_1_311' title='bbox 368 3974 436 4024; x_wconf 88' lang='lat' dir='ltr'><strong>Docb</strong></span> <span class='ocrx_word' id='word_1_312' title='bbox 459 3977 539 4026; x_wconf 78' lang='lat' dir='ltr'><strong>licisst</strong></span> <span class='ocrx_word' id='word_1_313' title='bbox 560 3992 588 4027; x_wconf 89' lang='lat' dir='ltr'><strong>es</strong></span> <span class='ocrx_word' id='word_1_314' title='bbox 610 3977 632 4028; x_wconf 91' lang='lat'><strong>3.</strong></span> <span class='ocrx_word' id='word_1_315' title='bbox 651 3978 678 4042; x_wconf 84' lang='lat'><strong>8,</strong></span> <span class='ocrx_word' id='word_1_316' title='bbox 694 3977 721 4026; x_wconf 91' lang='lat' dir='ltr'><strong>l:</strong></span> 
     </span>
    </p>
   </div>
   <div class='ocr_carea' id='block_1_16' title="bbox 774 1997 1286 4045">
    <p class='ocr_par' dir='ltr' id='par_1_17' title="bbox 783 1997 1286 2288">
     <span class='ocr_line' id='line_1_49' title="bbox 784 1997 1286 2080; baseline -0.016 -8"><span class='ocrx_word' id='word_1_317' title='bbox 784 1997 880 2072; x_wconf 55' lang='lat' dir='ltr'><strong>fincta</strong></span> <span class='ocrx_word' id='word_1_318' title='bbox 894 2045 925 2054; x_wconf 81' lang='lat'>—</span> <span class='ocrx_word' id='word_1_319' title='bbox 943 2021 970 2067; x_wconf 84' lang='lat' dir='ltr'><strong>in</strong></span> <span class='ocrx_word' id='word_1_320' title='bbox 986 2017 1148 2068; x_wconf 79' lang='lat' dir='ltr'><strong>Britanniam</strong></span> <span class='ocrx_word' id='word_1_321' title='bbox 1162 2019 1286 2080; x_wconf 77' lang='lat' dir='ltr'><strong>navigare</strong></span> 
     </span>
     <span class='ocr_line' id='line_1_50' title="bbox 783 2083 1284 2151; baseline -0.008 -15"><span class='ocrx_word' id='word_1_322' title='bbox 783 2089 951 2151; x_wconf 80' lang='lat' dir='ltr'><strong>consuerant,</strong></span> <span class='ocrx_word' id='word_1_323' title='bbox 968 2086 1018 2134; x_wconf 88' lang='lat' dir='ltr'><strong>und</strong></span> <span class='ocrx_word' id='word_1_324' title='bbox 1035 2085 1096 2134; x_wconf 86' lang='lat' dir='ltr'><strong>noch</strong></span> <span class='ocrx_word' id='word_1_325' title='bbox 1109 2083 1132 2134; x_wconf 88' lang='lat'><strong>2.</strong></span> <span class='ocrx_word' id='word_1_326' title='bbox 1146 2083 1198 2146; x_wconf 82' lang='lat' dir='ltr'><strong>4‚r</strong></span> <span class='ocrx_word' id='word_1_327' title='bbox 1216 2084 1284 2133; x_wconf 86' lang='lat' dir='ltr'><strong>hatte</strong></span> 
     </span>
     <span class='ocr_line' id='line_1_51' title="bbox 783 2150 1285 2214; baseline -0.006 -11"><span class='ocrx_word' id='word_1_328' title='bbox 783 2155 829 2204; x_wconf 91' lang='lat' dir='ltr'><strong>der</strong></span> <span class='ocrx_word' id='word_1_329' title='bbox 838 2153 1069 2214; x_wconf 74' lang='lat' dir='ltr'><strong>Suessionenlrdnig</strong></span> <span class='ocrx_word' id='word_1_330' title='bbox 1078 2150 1217 2201; x_wconf 77' lang='lat' dir='ltr'><strong>Diviciacus</strong></span> <span class='ocrx_word' id='word_1_331' title='bbox 1227 2151 1285 2200; x_wconf 81' lang='lat' dir='ltr'><strong>Bri·</strong></span> 
     </span>
     <span class='ocr_line' id='line_1_52' title="bbox 784 2222 1040 2288; baseline -0.012 -17"><span class='ocrx_word' id='word_1_332' title='bbox 784 2227 886 2272; x_wconf 82' lang='lat' dir='ltr'><strong>tannr&#39;ae</strong></span> <span class='ocrx_word' id='word_1_333' title='bbox 897 2222 1040 2288; x_wconf 64' lang='lat' dir='ltr'><strong>imperinm.</strong></span> 
     </span>
    </p>

    <p class='ocr_par' dir='ltr' id='par_1_18' title="bbox 781 2285 1286 2755">
     <span class='ocr_line' id='line_1_53' title="bbox 818 2285 1286 2351; baseline -0.006 -14"><span class='ocrx_word' id='word_1_334' title='bbox 818 2289 841 2338; x_wconf 88' lang='lat'><strong>3.</strong></span> <span class='ocrx_word' id='word_1_335' title='bbox 870 2287 976 2340; x_wconf 83' lang='lat' dir='ltr'><strong>Temere</strong></span> <span class='ocrx_word' id='word_1_336' title='bbox 991 2285 1126 2351; x_wconf 65' lang='lat' dir='ltr'><strong>nfacilc.</strong></span> <span class='ocrx_word' id='word_1_337' title='bbox 1142 2313 1175 2322; x_wconf 90' lang='lat'>-</span> <span class='ocrx_word' id='word_1_338' title='bbox 1194 2289 1286 2336; x_wconf 87' lang='lat' dir='ltr'><strong>contra</strong></span> 
     </span>
     <span class='ocr_line' id='line_1_54' title="bbox 785 2352 1284 2422; baseline -0.01 -15"><span class='ocrx_word' id='word_1_339' title='bbox 785 2355 898 2422; x_wconf 80' lang='lat' dir='ltr'><strong>Gallias,</strong></span> <span class='ocrx_word' id='word_1_340' title='bbox 922 2357 953 2406; x_wconf 84' lang='lat' dir='ltr'><strong>da</strong></span> <span class='ocrx_word' id='word_1_341' title='bbox 973 2354 1038 2405; x_wconf 86' lang='lat' dir='ltr'><strong>Gall.</strong></span> <span class='ocrx_word' id='word_1_342' title='bbox 1060 2354 1240 2420; x_wconf 76' lang='lat' dir='ltr'><strong>geographiscb</strong></span> <span class='ocrx_word' id='word_1_343' title='bbox 1258 2352 1284 2402; x_wconf 87' lang='lat' dir='ltr'><strong>in</strong></span> 
     </span>
     <span class='ocr_line' id='line_1_55' title="bbox 783 2419 1284 2488; baseline -0.012 -14"><span class='ocrx_word' id='word_1_344' title='bbox 783 2422 975 2488; x_wconf 76' lang='lat' dir='ltr'><strong>3Haupctlei1e</strong></span> <span class='ocrx_word' id='word_1_345' title='bbox 997 2421 1099 2471; x_wconf 75' lang='lat' dir='ltr'><strong>zerlallt</strong></span> <span class='ocrx_word' id='word_1_346' title='bbox 1121 2421 1212 2484; x_wconf 83' lang='grc'><strong>(1.1).</strong></span> <span class='ocrx_word' id='word_1_347' title='bbox 1239 2419 1284 2469; x_wconf 85' lang='lat' dir='ltr'><strong>llic</strong></span> 
     </span>
     <span class='ocr_line' id='line_1_56' title="bbox 781 2487 1284 2546; baseline -0.008 -6"><span class='ocrx_word' id='word_1_348' title='bbox 781 2507 827 2540; x_wconf 87' lang='lat' dir='ltr'><strong>aus</strong></span> <span class='ocrx_word' id='word_1_349' title='bbox 840 2493 887 2540; x_wconf 88' lang='lat' dir='ltr'><strong>den</strong></span> <span class='ocrx_word' id='word_1_350' title='bbox 900 2489 1096 2540; x_wconf 87' lang='lat' dir='ltr'><strong>verschiedenen</strong></span> <span class='ocrx_word' id='word_1_351' title='bbox 1107 2488 1215 2546; x_wconf 79' lang='lat' dir='ltr'><strong>Theileu</strong></span> <span class='ocrx_word' id='word_1_352' title='bbox 1224 2487 1284 2538; x_wconf 90' lang='lat' dir='ltr'><strong>Gal-</strong></span> 
     </span>
     <span class='ocr_line' id='line_1_57' title="bbox 781 2555 1286 2608; baseline -0.008 0"><span class='ocrx_word' id='word_1_353' title='bbox 781 2559 846 2608; x_wconf 89' lang='lat' dir='ltr'><strong>liens</strong></span> <span class='ocrx_word' id='word_1_354' title='bbox 858 2555 1027 2606; x_wconf 75' lang='lat' dir='ltr'><strong>liommeoden</strong></span> <span class='ocrx_word' id='word_1_355' title='bbox 1045 2557 1143 2606; x_wconf 88' lang='lat' dir='ltr'><strong>lemten</strong></span> <span class='ocrx_word' id='word_1_356' title='bbox 1162 2557 1225 2605; x_wconf 90' lang='lat' dir='ltr'><strong>eben</strong></span> <span class='ocrx_word' id='word_1_357' title='bbox 1238 2570 1286 2604; x_wconf 88' lang='lat' dir='ltr'><strong>nur</strong></span> 
     </span>
     <span class='ocr_line' id='line_1_58' title="bbox 782 2623 1284 2688; baseline -0.006 -13"><span class='ocrx_word' id='word_1_358' title='bbox 782 2627 822 2676; x_wconf 92' lang='lat' dir='ltr'><strong>die</strong></span> <span class='ocrx_word' id='word_1_359' title='bbox 835 2627 913 2675; x_wconf 89' lang='lat' dir='ltr'><strong>ihrem</strong></span> <span class='ocrx_word' id='word_1_360' title='bbox 925 2624 1009 2675; x_wconf 85' lang='lat' dir='ltr'><strong>Laude</strong></span> <span class='ocrx_word' id='word_1_361' title='bbox 1025 2623 1284 2688; x_wconf 76' lang='lat' dir='ltr'><strong>gegeniiberliegende</strong></span> 
     </span>
     <span class='ocr_line' id='line_1_59' title="bbox 782 2689 1249 2755; baseline -0.011 -13"><span class='ocrx_word' id='word_1_362' title='bbox 782 2691 863 2744; x_wconf 76' lang='lat' dir='ltr'><strong>liiiste</strong></span> <span class='ocrx_word' id='word_1_363' title='bbox 877 2693 983 2750; x_wconf 86' lang='lat' dir='ltr'><strong>kennen.</strong></span> <span class='ocrx_word' id='word_1_364' title='bbox 1004 2691 1112 2753; x_wconf 87' lang='lat' dir='ltr'><strong>(Anders</strong></span> <span class='ocrx_word' id='word_1_365' title='bbox 1125 2692 1148 2740; x_wconf 84' lang='lat'><strong>5.</strong></span> <span class='ocrx_word' id='word_1_366' title='bbox 1164 2689 1201 2755; x_wconf 89' lang='lat'><strong>13,</strong></span> <span class='ocrx_word' id='word_1_367' title='bbox 1217 2691 1249 2754; x_wconf 81' lang='lat'><strong>1.)</strong></span> 
     </span>
    </p>

    <p class='ocr_par' dir='ltr' id='par_1_19' title="bbox 777 2758 1285 3418">
     <span class='ocr_line' id='line_1_60' title="bbox 816 2758 1285 2824; baseline -0.009 -14"><span class='ocrx_word' id='word_1_368' title='bbox 816 2761 841 2810; x_wconf 87' lang='lat'><strong>4.</strong></span> <span class='ocrx_word' id='word_1_369' title='bbox 859 2764 988 2810; x_wconf 81' lang='lat' dir='ltr'><strong>maloram</strong></span> <span class='ocrx_word' id='word_1_370' title='bbox 1004 2775 1043 2808; x_wconf 91' lang='lat' dir='ltr'><strong>n..·</strong></span> <span class='ocrx_word' id='word_1_371' title='bbox 1064 2759 1110 2808; x_wconf 88' lang='lat' dir='ltr'><strong>der</strong></span> <span class='ocrx_word' id='word_1_372' title='bbox 1128 2758 1222 2824; x_wconf 76' lang='lat' dir='ltr'><strong>longae</strong></span> <span class='ocrx_word' id='word_1_373' title='bbox 1234 2759 1285 2807; x_wconf 89' lang='lat' dir='ltr'><strong>und</strong></span> 
     </span>
     <span class='ocr_line' id='line_1_61' title="bbox 784 2823 1284 2878; baseline -0.01 1"><span class='ocrx_word' id='word_1_374' title='bbox 784 2831 924 2878; x_wconf 69' lang='lat' dir='ltr'><strong>mannae.</strong></span> <span class='ocrx_word' id='word_1_375' title='bbox 965 2826 1011 2875; x_wconf 87' lang='lat' dir='ltr'><strong>Die</strong></span> <span class='ocrx_word' id='word_1_376' title='bbox 1034 2823 1169 2875; x_wconf 80' lang='lat' dir='ltr'><strong>llaulleute</strong></span> <span class='ocrx_word' id='word_1_377' title='bbox 1198 2827 1284 2875; x_wconf 87' lang='lat' dir='ltr'><strong>hatten</strong></span> 
     </span>
     <span class='ocr_line' id='line_1_62' title="bbox 782 2892 1284 2957; baseline -0.004 -13"><span class='ocrx_word' id='word_1_378' title='bbox 782 2897 851 2945; x_wconf 86' lang='lat' dir='ltr'><strong>nicht</strong></span> <span class='ocrx_word' id='word_1_379' title='bbox 868 2895 954 2956; x_wconf 77' lang='lat' dir='ltr'><strong>udthig</strong></span> <span class='ocrx_word' id='word_1_380' title='bbox 970 2893 1071 2957; x_wconf 85' lang='lat' dir='ltr'><strong>gehabt,</strong></span> <span class='ocrx_word' id='word_1_381' title='bbox 1091 2893 1132 2942; x_wconf 85' lang='lat' dir='ltr'><strong>iiir</strong></span> <span class='ocrx_word' id='word_1_382' title='bbox 1149 2894 1202 2942; x_wconf 86' lang='lat' dir='ltr'><strong>ihre</strong></span> <span class='ocrx_word' id='word_1_383' title='bbox 1220 2892 1284 2942; x_wconf 86' lang='lat' dir='ltr'><strong>klei-</strong></span> 
     </span>
     <span class='ocr_line' id='line_1_63' title="bbox 782 2959 1283 3026; baseline -0.008 -14"><span class='ocrx_word' id='word_1_384' title='bbox 782 2979 860 3012; x_wconf 88' lang='lat' dir='ltr'><strong>neren</strong></span> <span class='ocrx_word' id='word_1_385' title='bbox 878 2959 1025 3024; x_wconf 79' lang='lat' dir='ltr'><strong>Fahrzeuge</strong></span> <span class='ocrx_word' id='word_1_386' title='bbox 1045 2961 1186 3026; x_wconf 80' lang='lat' dir='ltr'><strong>besondere</strong></span> <span class='ocrx_word' id='word_1_387' title='bbox 1203 2959 1283 3009; x_wconf 73' lang='lat' dir='ltr'><strong>lliilen</strong></span> 
     </span>
     <span class='ocr_line' id='line_1_64' title="bbox 781 3027 1284 3088; baseline -0.006 -9"><span class='ocrx_word' id='word_1_388' title='bbox 781 3028 963 3088; x_wconf 84' lang='lat' dir='ltr'><strong>aulzusuchen;</strong></span> <span class='ocrx_word' id='word_1_389' title='bbox 986 3029 1064 3077; x_wconf 88' lang='lat' dir='ltr'><strong>daher</strong></span> <span class='ocrx_word' id='word_1_390' title='bbox 1082 3029 1136 3078; x_wconf 89' lang='lat' dir='ltr'><strong>ihre</strong></span> <span class='ocrx_word' id='word_1_391' title='bbox 1155 3027 1284 3078; x_wconf 87' lang='lat' dir='ltr'><strong>Unkennt-</strong></span> 
     </span>
     <span class='ocr_line' id='line_1_65' title="bbox 780 3095 1284 3173; baseline -0.006 -26"><span class='ocrx_word' id='word_1_392' title='bbox 780 3098 834 3147; x_wconf 88' lang='lat' dir='ltr'><strong>niss</strong></span> <span class='ocrx_word' id='word_1_393' title='bbox 847 3103 915 3146; x_wconf 88' lang='lat' dir='ltr'><strong>trotz</strong></span> <span class='ocrx_word' id='word_1_394' title='bbox 928 3097 973 3173; x_wconf 75' lang='lat' dir='ltr'><strong>des</strong></span> <span class='ocrx_word' id='word_1_395' title='bbox 990 3095 1105 3158; x_wconf 79' lang='lat' dir='ltr'><strong>hiiuflgen</strong></span> <span class='ocrx_word' id='word_1_396' title='bbox 1114 3095 1237 3145; x_wconf 80' lang='lat' dir='ltr'><strong>&#39;Besuchs</strong></span> <span class='ocrx_word' id='word_1_397' title='bbox 1249 3121 1284 3132; x_wconf 84' lang='lat'><strong>-—</strong></span> 
     </span>
     <span class='ocr_line' id='line_1_66' title="bbox 780 3163 1283 3232; baseline -0.006 -18"><span class='ocrx_word' id='word_1_398' title='bbox 780 3167 825 3232; x_wconf 81' lang='lat' dir='ltr'><strong>pai</strong></span> <span class='ocrx_word' id='word_1_399' title='bbox 835 3167 922 3214; x_wconf 84' lang='lat' dir='ltr'><strong>essent</strong></span> <span class='ocrx_word' id='word_1_400' title='bbox 931 3164 1060 3214; x_wconf 79' lang='lat' dir='ltr'><strong>—racna</strong></span> <span class='ocrx_word' id='word_1_401' title='bbox 1066 3167 1176 3231; x_wconf 82' lang='lat' dir='ltr'><strong>partus.-</strong></span> <span class='ocrx_word' id='word_1_402' title='bbox 1187 3163 1283 3212; x_wconf 83' lang='lat' dir='ltr'><strong>welche</strong></span> 
     </span>
     <span class='ocr_line' id='line_1_67' title="bbox 778 3230 1284 3298; baseline -0.004 -16"><span class='ocrx_word' id='word_1_403' title='bbox 778 3261 813 3270; x_wconf 87' lang='lat'>—</span> <span class='ocrx_word' id='word_1_404' title='bbox 829 3231 952 3298; x_wconf 80' lang='lat' dir='ltr'><strong>passando</strong></span> <span class='ocrx_word' id='word_1_405' title='bbox 969 3231 1050 3281; x_wconf 82' lang='lat' dir='ltr'><strong>Hiiien</strong></span> <span class='ocrx_word' id='word_1_406' title='bbox 1067 3247 1095 3281; x_wconf 86' lang='lat' dir='ltr'><strong>es</strong></span> <span class='ocrx_word' id='word_1_407' title='bbox 1115 3230 1193 3295; x_wconf 75' lang='lat' dir='ltr'><strong>gillis,</strong></span> <span class='ocrx_word' id='word_1_408' title='bbox 1216 3231 1284 3280; x_wconf 85' lang='lat' dir='ltr'><strong>nicht</strong></span> 
     </span>
     <span class='ocr_line' id='line_1_68' title="bbox 779 3297 1284 3368; baseline -0.008 -18"><span class='ocrx_word' id='word_1_409' title='bbox 779 3302 823 3366; x_wconf 82' lang='lat' dir='ltr'><strong>pai</strong></span> <span class='ocrx_word' id='word_1_410' title='bbox 843 3304 938 3368; x_wconf 85' lang='lat' dir='ltr'><strong>portas</strong></span> <span class='ocrx_word' id='word_1_411' title='bbox 953 3327 987 3336; x_wconf 83' lang='lat'><strong>-</strong></span> <span class='ocrx_word' id='word_1_412' title='bbox 1003 3299 1090 3349; x_wconf 64' lang='lat' dir='ltr'><strong>monet</strong></span> <span class='ocrx_word' id='word_1_413' title='bbox 1114 3304 1215 3359; x_wconf 85' lang='lat' dir='ltr'><strong>assent,·</strong></span> <span class='ocrx_word' id='word_1_414' title='bbox 1238 3297 1284 3348; x_wconf 85' lang='lat' dir='ltr'><strong>mit</strong></span> 
     </span>
     <span class='ocr_line' id='line_1_69' title="bbox 777 3365 1099 3418; baseline -0.003 -2"><span class='ocrx_word' id='word_1_415' title='bbox 777 3368 899 3417; x_wconf 82' lang='lat' dir='ltr'><strong>walchem</strong></span> <span class='ocrx_word' id='word_1_416' title='bbox 917 3365 1099 3418; x_wconf 77' lang='lat' dir='ltr'><strong>Unterschiedt</strong></span> 
     </span>
    </p>

    <p class='ocr_par' dir='ltr' id='par_1_20' title="bbox 774 3427 1284 4045">
     <span class='ocr_line' id='line_1_70' title="bbox 811 3427 1284 3497; baseline -0.002 -12"><span class='ocrx_word' id='word_1_417' title='bbox 811 3427 865 3486; x_wconf 73' lang='lat'><strong>21.</strong></span> <span class='ocrx_word' id='word_1_418' title='bbox 886 3435 907 3484; x_wconf 86' lang='lat'><strong>1.</strong></span> <span class='ocrx_word' id='word_1_419' title='bbox 928 3433 1018 3486; x_wconf 73' lang='lat' dir='ltr'><strong>Gazam</strong></span> <span class='ocrx_word' id='word_1_420' title='bbox 1030 3434 1193 3486; x_wconf 81' lang='lat' dir='ltr'><strong>Volusenum</strong></span> <span class='ocrx_word' id='word_1_421' title='bbox 1206 3433 1284 3497; x_wconf 73' lang='lat' dir='ltr'><strong>(Quo-</strong></span> 
     </span>
     <span class='ocr_line' id='line_1_71' title="bbox 778 3501 1282 3567; baseline -0.006 -14"><span class='ocrx_word' id='word_1_422' title='bbox 778 3501 912 3567; x_wconf 82' lang='lat' dir='ltr'><strong>dratnm),</strong></span> <span class='ocrx_word' id='word_1_423' title='bbox 930 3503 976 3552; x_wconf 90' lang='lat' dir='ltr'><strong>der</strong></span> <span class='ocrx_word' id='word_1_424' title='bbox 988 3501 1010 3551; x_wconf 91' lang='lat'><strong>3.</strong></span> <span class='ocrx_word' id='word_1_425' title='bbox 1024 3502 1054 3565; x_wconf 83' lang='lat'><strong>5,</strong></span> <span class='ocrx_word' id='word_1_426' title='bbox 1070 3501 1086 3550; x_wconf 87' lang='grc'>2</span> <span class='ocrx_word' id='word_1_427' title='bbox 1102 3517 1152 3552; x_wconf 82' lang='lat' dir='ltr'><strong>von</strong></span> <span class='ocrx_word' id='word_1_428' title='bbox 1169 3501 1227 3551; x_wconf 74' lang='lat' dir='ltr'><strong>cas.</strong></span> <span class='ocrx_word' id='word_1_429' title='bbox 1241 3516 1282 3550; x_wconf 85' lang='lat' dir='ltr'><strong>cr-</strong></span> 
     </span>
     <span class='ocr_line' id='line_1_72' title="bbox 777 3567 1284 3632; baseline -0.004 -12"><span class='ocrx_word' id='word_1_430' title='bbox 777 3572 876 3620; x_wconf 75' lang='lat' dir='ltr'><strong>wtihute</strong></span> <span class='ocrx_word' id='word_1_431' title='bbox 901 3569 1004 3620; x_wconf 81' lang='lat' dir='ltr'><strong>Tribus.</strong></span> <span class='ocrx_word' id='word_1_432' title='bbox 1023 3567 1046 3618; x_wconf 80' lang='grc'><strong>6.</strong></span> <span class='ocrx_word' id='word_1_433' title='bbox 1068 3569 1113 3632; x_wconf 83' lang='grc'><strong>41,</strong></span> <span class='ocrx_word' id='word_1_434' title='bbox 1135 3569 1233 3618; x_wconf 85' lang='lat' dir='ltr'><strong>2wird</strong></span> <span class='ocrx_word' id='word_1_435' title='bbox 1255 3583 1284 3626; x_wconf 78' lang='lat' dir='ltr'><strong>er</strong></span> 
     </span>
     <span class='ocr_line' id='line_1_73' title="bbox 778 3636 1282 3700; baseline 0 -14"><span class='ocrx_word' id='word_1_436' title='bbox 778 3639 825 3688; x_wconf 89' lang='lat' dir='ltr'><strong>mit</strong></span> <span class='ocrx_word' id='word_1_437' title='bbox 848 3639 893 3688; x_wconf 85' lang='lat' dir='ltr'><strong>der</strong></span> <span class='ocrx_word' id='word_1_438' title='bbox 915 3637 1026 3688; x_wconf 85' lang='lat' dir='ltr'><strong>Reiterei</strong></span> <span class='ocrx_word' id='word_1_439' title='bbox 1050 3636 1282 3700; x_wconf 77' lang='lat' dir='ltr'><strong>vorausgcsclickt.</strong></span> 
     </span>
     <span class='ocr_line' id='line_1_74' title="bbox 781 3702 1282 3769; baseline -0.004 -15"><span class='ocrx_word' id='word_1_440' title='bbox 781 3705 805 3754; x_wconf 88' lang='lat'><strong>8.</strong></span> <span class='ocrx_word' id='word_1_441' title='bbox 819 3705 860 3769; x_wconf 79' lang='lat'><strong>48,</strong></span> <span class='ocrx_word' id='word_1_442' title='bbox 876 3705 887 3754; x_wconf 85' lang='lat'>1</span> <span class='ocrx_word' id='word_1_443' title='bbox 905 3706 955 3754; x_wconf 89' lang='lat' dir='ltr'><strong>und</strong></span> <span class='ocrx_word' id='word_1_444' title='bbox 975 3705 1002 3754; x_wconf 85' lang='lat' dir='ltr'><strong>B.</strong></span> <span class='ocrx_word' id='word_1_445' title='bbox 1014 3702 1040 3753; x_wconf 89' lang='lat' dir='ltr'><strong>C.</strong></span> <span class='ocrx_word' id='word_1_446' title='bbox 1060 3703 1083 3752; x_wconf 91' lang='grc'><strong>3·.</strong></span> <span class='ocrx_word' id='word_1_447' title='bbox 1101 3703 1142 3767; x_wconf 83' lang='grc'><strong>60,</strong></span> <span class='ocrx_word' id='word_1_448' title='bbox 1164 3703 1180 3752; x_wconf 86' lang='grc'>4</span> <span class='ocrx_word' id='word_1_449' title='bbox 1201 3704 1282 3753; x_wconf 86' lang='lat' dir='ltr'><strong>ister</strong></span> 
     </span>
     <span class='ocr_line' id='line_1_75' title="bbox 775 3770 1281 3840; baseline -0.006 -17"><span class='ocrx_word' id='word_1_450' title='bbox 775 3774 927 3840; x_wconf 70' lang='lat' dir='ltr'><strong>prarffectas</strong></span> <span class='ocrx_word' id='word_1_451' title='bbox 945 3775 1065 3838; x_wconf 75' lang='lat' dir='ltr'><strong>equitans.</strong></span> <span class='ocrx_word' id='word_1_452' title='bbox 1093 3771 1164 3821; x_wconf 86' lang='lat' dir='ltr'><strong>Suet.</strong></span> <span class='ocrx_word' id='word_1_453' title='bbox 1177 3770 1235 3821; x_wconf 79' lang='lat' dir='ltr'><strong>C&#39;ds.</strong></span> <span class='ocrx_word' id='word_1_454' title='bbox 1248 3770 1281 3820; x_wconf 81' lang='lat'><strong>58</strong></span> 
     </span>
     <span class='ocr_line' id='line_1_76' title="bbox 778 3839 1282 3904; baseline -0.006 -14"><span class='ocrx_word' id='word_1_455' title='bbox 778 3848 836 3904; x_wconf 76' lang='lat' dir='ltr'><strong>sagt</strong></span> <span class='ocrx_word' id='word_1_456' title='bbox 863 3841 993 3902; x_wconf 75' lang='lat' dir='ltr'><strong>librigens:</strong></span> <span class='ocrx_word' id='word_1_457' title='bbox 1022 3839 1175 3890; x_wconf 80' lang='lat' dir='ltr'><strong>Enerettam</strong></span> <span class='ocrx_word' id='word_1_458' title='bbox 1200 3854 1282 3904; x_wconf 81' lang='lat' dir='ltr'><strong>nepae</strong></span> 
     </span>
     <span class='ocr_line' id='line_1_77' title="bbox 774 3905 1282 3976; baseline -0.006 -17"><span class='ocrx_word' id='word_1_459' title='bbox 774 3924 824 3976; x_wconf 82' lang='lat' dir='ltr'><strong>per</strong></span> <span class='ocrx_word' id='word_1_460' title='bbox 834 3907 959 3958; x_wconf 67' lang='lat' dir='ltr'><strong>mndtosa</strong></span> <span class='ocrx_word' id='word_1_461' title='bbox 970 3910 1065 3958; x_wconf 76' lang='lat' dir='ltr'><strong>thasra</strong></span> <span class='ocrx_word' id='word_1_462' title='bbox 1081 3905 1159 3958; x_wconf 79' lang='lat' dir='ltr'><strong>danit</strong></span> <span class='ocrx_word' id='word_1_463' title='bbox 1169 3921 1282 3972; x_wconf 80' lang='lat' dir='ltr'><strong>anquam</strong></span> 
     </span>
     <span class='ocr_line' id='line_1_78' title="bbox 776 3973 1278 4045; baseline -0.004 -19"><span class='ocrx_word' id='word_1_464' title='bbox 776 3979 829 4026; x_wconf 69' lang='lat' dir='ltr'><strong>nasi</strong></span> <span class='ocrx_word' id='word_1_465' title='bbox 847 3974 1043 4045; x_wconf 80' lang='lat' dir='ltr'><strong>perspeculatus</strong></span> <span class='ocrx_word' id='word_1_466' title='bbox 1066 3973 1182 4025; x_wconf 82' lang='lat' dir='ltr'><strong>locorum</strong></span> <span class='ocrx_word' id='word_1_467' title='bbox 1205 3977 1278 4038; x_wconf 64' lang='lat' dir='ltr'><strong>aare,</strong></span> 
     </span>
    </p>
   </div>
   <div class='ocr_carea' id='block_1_17' title="bbox 0 0 1404 4482">
    <p class='ocr_par' dir='ltr' id='par_1_21' title="bbox 0 0 1404 4482">
     <span class='ocr_line' id='line_1_79' title="bbox 0 0 1404 4482; baseline 0 2"><span class='ocrx_word' id='word_1_468' title='bbox 0 0 1404 4482; x_wconf 95' lang='lat' dir='ltr'><strong> </strong></span> 
     </span>
    </p>
   </div>
  </div>
 </body>
</html>
