2776 4484
469 396 472 405 Ι
556 317 575 368 r.
594 315 711 368 ar-aa.
793 377 796 384 .
1122 321 1161 383 73

108 472 183 544 dum,
199 469 282 549 quod
293 465 413 535 llelrehi
426 471 554 545 fecerint,
567 477 600 532 ut
612 472 701 532 domo
717 470 957 548 emigrent‘aliod
973 473 1161 550 domicilium,

108 556 174 618 alias
189 556 285 630 sedeS,
304 564 431 617 remotas
447 575 462 616 a
478 556 639 630 Germanis,
658 567 757 636 petant
771 557 983 635 fortunamque,
1003 577 1160 636 quaecum-

84 697 91 706 „
108 659 162 720 quc
177 641 301 714 accidat,
322 643 513 719 experiantur.
550 641 627 703 Haec
642 642 667 702 si
682 641 834 702 enunciata
848 639 994 702 Ariovisto
1010 641 1080 716 sint,
1100 661 1161 704 non
1184 656 1214 706 15

107 725 246 797 dubitare,
262 726 333 804 quin
349 727 384 786 de
400 727 537 786 omn-ihus
554 726 713 799 obsidibus
729 725 777 804 qui
793 727 870 804 apud
885 745 952 786 eum
968 726 1034 800 sint,
1050 729 1161 805 gravis·

104 811 214 873 simum
234 810 411 890 supplicium
431 818 535 872 sumat.
571 811 722 872 Caesarem
748 808 792 870 vel
814 811 983 871 auctoritate
1005 831 1056 872 sua
1076 820 1161 892 atque
1184 822 1215 872 16

104 895 248 956 exercitus
264 896 309 955 vel
325 896 433 956 recenti
448 895 567 956 victoria
581 896 624 956 vel
635 896 756 964 nomine
767 896 868 974 populi
882 895 1007 957 Romani
1019 898 1162 958 deterrere

102 999 206 1058 posse,
232 997 271 1039 ne
295 980 390 1042 maior
414 981 568 1041 multitudo
590 981 804 1041 Germanorum
824 981 960 1061 Rhenum
987 983 1161 1056 traducatur,

103 1065 282 1143 Galliamque
298 1083 416 1125 omnem
431 1065 466 1125 ab
482 1065 617 1126 Ariovisti
632 1065 735 1126 iniuria
751 1083 840 1144 posse
856 1067 1018 1126 defendere.

189 1153 240 1214 32.
264 1149 324 1210 Hac
343 1149 474 1210 oratione
495 1151 530 1210 ab
551 1151 687 1211 Divitiaco
707 1151 802 1211 habita
824 1169 941 1224 omnes,
966 1151 1015 1229 qui
1035 1152 1161 1228 aderant,

102 1253 211 1312 magno
228 1235 298 1294 fletu
309 1235 454 1295 ,auxilium
468 1254 485 1295 a
500 1235 619 1296 Caesare
639 1243 737 1314 petere
756 1243 923 1314 coeperunt.
953 1237 1161 1298 Animadvertit
1181 1239 1196 1289 2

104 1320 210 1380 Caesar
227 1337 305 1379 unos
325 1337 360 1378 ex
385 1319 521 1380 omnihus
542 1320 693 1399 Sequanos
720 1320 792 1380 nihil
817 1339 917 1381 earum
941 1340 1040 1381 rerum
1061 1323 1160 1398 facere,

103 1423 175 1482 quus
197 1403 285 1464 ceteri
305 1405 444 1476 facerent,
469 1405 520 1464 scd
539 1405 636 1464 tristes
658 1405 750 1484 capite
768 1405 897 1466 demisso
917 1414 1024 1466 terram
1045 1407 1159 1468 intueri.

102 1489 173 1550 Eius
195 1489 237 1548 rei
258 1507 332 1566 quae
352 1507 437 1549 causa
456 1497 545 1562 esset,
565 1489 687 1550 miratus
707 1509 741 1550 ex
760 1490 833 1569 ipsis
854 1491 983 1569 quaesiit.
1014 1491 1090 1551 Nihil
1105 1493 1160 1553 Se·
1181 1495 1195 1545 3

103 1573 192 1652 quani
207 1574 400 1652 respondere,
421 1574 472 1634 sed
492 1574 522 1633 in
538 1574 638 1652 eadem
653 1574 769 1634 tristitia
784 1575 861 1634 taciti
876 1589 1055 1654 permanere.
1087 1575 1160 1636 Cum

103 1659 137 1718 ah
152 1659 201 1718 his
217 1657 335 1736 saepius
357 1666 506 1736 quaereret
524 1676 619 1737 neque
639 1659 725 1718 ullam
745 1657 866 1718 omnino
881 1675 983 1719 vocem
998 1660 1161 1738 exprimere

101 1751 213 1822 posset,
228 1743 306 1802 idem
320 1742 476 1803 Divitiacus
488 1743 624 1804 Haeduus
639 1743 804 1822 respondit:
819 1743 883 1803 Hoc
898 1763 962 1804 esse
975 1743 1159 1805 miseriorem
1180 1749 1197 1799 4

103 1836 130 1889 et
145 1827 310 1905 graviorem
324 1829 472 1888 fortunam
488 1827 690 1906 Sequanorum
705 1847 792 1906 quam
808 1829 994 1907 reliquorum,
1010 1830 1088 1908 quod
1104 1830 1159 1891 soli

101 1929 139 1972 ne
154 1913 185 1972 in
201 1912 316 1972 ocordto
332 1913 448 1991 quidem
463 1912 544 1991 queri
558 1931 613 1973 nec
627 1913 763 1974 auxilium
782 1913 939 1992 implorare
954 1915 1092 1975 auderent
1107 1915 1159 1976 ah-

102 1997 252 2076 sentisque
267 1996 401 2070 Ariovisti
422 1997 631 2075 cmdelitatem,
649 1998 727 2060 velut
747 1997 771 2058 si
792 2017 891 2060 coram
911 1999 1035 2072 adesset,
1055 1999 1159 2060 horre-

100 2090 175 2154 rent,
197 2089 360 2161 propterea‚
381 2082 460 2160 quod
475 2082 592 2160 reliquis
613 2090 710 2142 tamen
726 2085 809 2160 fugae
823 2083 943 2143 facultas
960 2085 1083 2157 daretur,
1105 2085 1158 2145 Se·
1179 2095 1195 2142 5

101 2166 300 2246 quanissvero
316 2166 365 2244 qui
380 2166 455 2227 intra
469 2167 541 2226 fines
554 2186 625 2228 suos
638 2168 814 2252 Ariouistum
829 2169 1016 2247 recepissent,
1032 2187 1159 2248 quorum

102 2249 211 2331 oppida
234 2250 334 2312 omnia
352 2251 383 2311 in
402 2260 544 2330 potestate
564 2252 625 2312 eius
646 2260 755 2327 essent,
774 2270 878 2313 omnes
899 2251 1050 2314 cruciatus
1062 2262 1161 2316 essent

102 2335 278 2415 perferendi.

188 2425 238 2486 33.
262 2419 314 2480 His
330 2419 417 2480 rebus
434 2419 556 2498 cognitis
569 2419 673 2504 Caesar
684 2421 830 2484 Gallorum
847 2422 962 2482 animos
977 2421 1071 2483 verbis
1088 2440 1160 2482 con-

100 2505 226 2566 firmavit
241 2503 442 2583 pollicitusque
461 2511 507 2566 est
527 2505 582 2566 sibi
602 2524 666 2565 eam
685 2525 748 2566 rem
764 2525 851 2566 ornae
864 2509 1004 2567 futuram:
1024 2524 1161 2583 magnam

97 2609 134 2652 se
149 2590 256 2652 hahere
271 2609 367 2668 spem,
381 2598 416 2650 'ct
435 2589 577 2651 beneficio
599 2608 653 2650 suo
674 2597 702 2650 et
717 2591 886 2651 auctoritate
901 2591 1058 2651 adductum
1073 2590 1159 2650 Ario-

100 2742 150 2792 lier
164 2701 217 2790 und
237 2741 290 2790 ihre
311 2740 410 2804 einzigc
430 2739 542 2802 Rettung
564 2739 610 2789 auf
661 2739 687 2790 C.
701 2741 763 2790 nahe
775 2741 837 2804 legt.

97 2807 605 2872 jeneWeisenaehdriicklicherhczeich-

100 2884 153 2927 net.
166 2903 202 2913 —
214 2877 279 2926 ‘Der
291 2875 404 2926 Zustand
419 2877 464 2924 dor
477 2875 606 2939 Sequaner

99 2951 200 2994 warntc
218 2945 271 2994 ihre
288 2943 506 3006 Stammgenossen
524 2942 603 3004 nicht3

100 3013 179 3063 durch
193 3011 265 3061 einen
274 3011 397 3064 Fremden
408 3013 476 3060 hatto
486 3023 542 3060 man
552 3009 603 3059 sich

98 3081 148 3130 dor
177 3078 326 3130 Herrschall
357 3079 519 3140 bem'dchtigt,
555 3079 604 3127 und

100 3149 180 3197 durch
197 3147 271 3196 einen
290 3146 415 3196 Frenden
441 3146 528 3196 wollte
547 3161 604 3194 man

100 3216 153 3265 sich
178 3213 309 3266 helmicus
346 3214 487 3276 Braurona,
513 3211 604 3262 Gesch.

100 3282 179 3333 Roms
190 3281 232 3332 lll.
245 3299 269 3347 p.
282 3281 341 3331 248.

134 3350 194 3400 Man
211 3351 330 3412 heachte,
348 3350 407 3399 dass
423 3363 473 3400 von
490 3346 506 3413 ᾗ
521 3347 551 3396 12
564 3363 604 3410 on,

99 3419 149 3468 wie
166 3420 245 3468 achon
261 3419 355 3466 vorher
367 3415 387 3481 ’ξ
405 3415 420 3465 8
437 3416 605 3482 6111111111(ρο-

100 3487 196 3548 tuerr't)
214 3492 279 3536 statt
294 3486 338 3534 des
350 3483 449 3549 imperf.
466 3500 490 3533 u.
503 3483 604 3547 Plusqu.

98 3554 140 3604 his
151 3571 209 3604 zum
223 3552 327 3603 Schluss
336 3551 423 3602 Praes.
435 3567 460 3600 u.
470 3549 538 3602 Perl.
551 3551 605 3599 ein-

694 2797 746 2858 32.
767 2809 790 2858 5.
803 2810 910 2860 horrere
928 2809 974 2858 mit
993 2809 1049 2857 dem
1070 2805 1160 2859 Aecus·

660 2875 720 2926 ‘ror
737 2883 814 2926 etwas
832 2877 983 2938 schondern,
1006 2877 1057 2925 sich
1075 2875 1160 2926 frirch-

659 2943 723 3008 ten',
743 2945 788 2993 der
803 2943 936 3006 eigentlich
954 2944 1089 2994 classische
1100 2944 1160 2994 ‘Ge-

656 3011 751 3062 hrauch
764 3013 808 3062 des
819 3011 925 3062 Wortes
938 3013 962 3061 in
975 3013 1068 3073 Proser,
1082 3013 1122 3061 hei
1131 3012 1158 3062 G.

659 3095 707 3129 nur
718 3080 781 3130 hier.
801 3107 835 3116 -
853 3095 941 3130 corone
952 3079 1043 3130 adesse
1054 3102 1088 3122 =
1099 3095 1158 3144 per·

658 3147 753 3198 siinlich
763 3148 936 3210 gegenwiirtig
945 3148 1008 3197 sein.
1016 3175 1050 3186 -
1062 3145 1166 3198 tamen!

655 3215 744 3264 -‘wenn
764 3215 826 3264 auch
844 3216 924 3265 niehts
945 3217 1064 3278 anderes,
1078 3215 1160 3264 doch

658 3281 873 3345 wenigstcus.’

693 3339 745 3400 33.
766 3350 788 3399 1.
802 3351 920 3416 beneficio
937 3366 1000 3400 suo.-
1020 3366 1041 3399 c.
1060 3348 1100 3398 35.
1117 3348 1159 3398 40.

658 3415 701 3467 42.
711 3418 753 3467 44.
774 3416 842 3468 Nach
854 3419 948 3468 seinem
958 3418 1033 3480 Siegc
1045 3415 1109 3465 iiber
1120 3417 1160 3466 die

660 3484 756 3535 Gallier
772 3487 858 3534 wurde
871 3485 1016 3535 Ariovistus
1034 3483 1079 3532 auf
1088 3483 1160 3533 Caes.

657 3552 756 3616 Antrag
769 3553 801 3602 im
814 3552 835 3602 J.
850 3553 882 3602 59
894 3553 939 3602 mit
948 3554 1003 3601 dem
1013 3551 1081 3600 Titel
1091 3550 1160 3599 eines

96 3629 193 3686 treton,
206 3637 257 3684 um,
270 3621 332 3670 nach
342 3619 427 3670 lleld's
439 3618 604 3681 Bemcrlrung,
655 3615 756 3683 lidnigs
765 3621 815 3669 und
824 3614 955 3670 Freundes
966 3620 1010 3669 des
1020 3617 1160 3667 ro'mischen

100 3691 139 3742 die
160 3689 329 3751 Sohilderung
349 3704 399 3738 von
417 3685 504 3736 Arion:
527 3685 605 3734 llerr-

95 3758 181 3810 schoft
193 3759 245 3808 und
257 3757 304 3806 der
316 3756 383 3818 Lago
396 3756 442 3804 der
451 3753 549 3804 Gallier
560 3768 605 3802 an-

99 3827 226 3877 schaulieh
255 3825 295 3874 als
319 3825 363 3874 das
388 3839 420 3872 zu
443 3821 605 3883 bezeichnen,

98 3910 150 3946 was
169 3896 218 3944 der
234 3891 338 3943 Redner
357 3893 395 3941 als
417 3888 605 3952 gegenw'irtige

95 3963 177 4028 Dioge
196 3961 250 4012 und
267 3959 384 4022 wichtige
402 3957 529 4008 Momente
550 3956 605 4004 dem

659 3687 741 3739 Vollrs¹
751 3688 840 3737 beehrt
851 3689 876 3736 in
889 3688 935 3736 der
946 3685 1060 3748 Absicht,
1069 3685 1114 3734 'ilrn
1127 3701 1159 3734 zu

660 3755 802 3819 gewinnen,
820 3755 859 3803 die
877 3753 985 3803 Provinz
1002 3768 1055 3802 vor
1063 3753 1112 3802 ihm
1125 3753 1159 3802 si-

660 3825 720 3872 cher
736 3838 767 3872 zu
782 3822 887 3884 stellen,
909 3822 959 3870 und
979 3821 1019 3869 hei
1040 3821 1094 3870 dem
1115 3820 1160 3870 hc-

655 3890 821 3940 schlossenen
838 3886 965 3952 Feldzuge
983 3889 1044 3937 nach
1062 3884 1160 3938 Gallien'

656 3957 701 4006 ihn
719 3957 744 4006 in
761 3956 890 4006 neutraler
903 3956 1020 4020 Stellung
1033 3972 1065 4006 zu
1077 3955 1160 4006 erhal-
