2798 4482
583 387 615 440 ν.
633 387 718 437 2-4-
998 423 1005 442 .
1119 389 1178 452 179

126 540 293 614 stravimus,
314 541 412 620 tangit.
443 542 477 602 In
492 559 526 602 ea
542 541 653 603 civitate
668 542 725 602 duo
742 542 778 602 de
792 541 956 622 principatu
970 542 1046 603 inter
1060 561 1092 603 se
1106 561 1179 604 con·
1199 555 1214 605 2

125 626 292 699 tendebant,
312 626 529 687 Indutiomarus
544 634 571 686 et
586 625 764 705 Cingetorix3
786 627 922 705 equibus
942 625 1179 699 alter‚.sim1det-
1200 640 1215 692 3

125 729 181 790 que
195 711 232 771 de
246 711 376 772 Caesaris
391 711 596 790 legionumque
611 713 734 772 adventu
749 711 897 788 cognitum
914 719 972 784 est,
992 712 1028 772 ad
1047 729 1115 771 eum
1128 731 1178 772 ve-

124 797 175 869 nit,
191 815 223 856 se
238 813 366 875 suosque
381 813 483 856 omnes
498 796 528 856 in
544 795 640 856 officio
655 797 770 857 futuros
784 813 878 873 neque
892 795 1066 857 abamioitia
1076 796 1180 874 populi

124 880 249 942 Romani
269 881 434 942 defeeturos
454 881 637 942 confirmavit
655 899 785 960 quaeque
803 880 834 940 in
855 880 987 940 Treveris
1012 889 1180 958 gererentur

122 965 263 1026 ostendit:
288 965 324 1025 At
333 965 548 1028 Indutiomarus
562 965 720 1044 equitatum
734 965 950 1045 peditatumque
964 965 1179 1044 rogemusque,
1199 980 1216 1029 4

123 1051 172 1129 qui
186 1068 240 1128 per
254 1058 375 1110 aetatem
389 1050 421 1110 in
435 1051 523 1111 armis
539 1070 603 1110 esse
614 1067 675 1111 non
686 1058 830 1130 poterant,
846 1050 875 1110 iu
888 1050 1179 1111 silvamArduennam

123 1135 237 1206 attins,
252 1153 324 1212 quee
338 1135 447 1214 ingenti
462 1135 660 1214 magnitudine
674 1135 853 1214 per-medios
869 1136 942 1196 fines
954 1135 1147 1196 Treverorum
1162 1154 1178 1196 a

123 1219 242 1280 flumine
265 1220 368 1280 Rheno
397 1221 432 1280 ad
457 1220 572 1281 initium
596 1220 756 1281 Remorum
781 1219 918 1298 pertinet,
948 1219 1054 1281 bellum
1078 1237 1195 1299 parare·

122 1303 254 1366 instituit.
290 1304 347 1368 Sed
371 1313 561 1384 posteaquam
586 1305 718 1365 nonnulli
741 1304 888 1384 principes
913 1325 947 1365 er
969 1324 1001 1366 ea
1021 1304 1132 1366 civitate
1151 1312 1179 1366 et
1199 1319 1213 1368 5

122 1389 311 1450 familiaritate
340 1389 529 1468 Cingetorigis
563 1390 680 1450 adducti
708 1398 736 1450 et
764 1389 888 1450 adventu
915 1389 1010 1450 nostri
1038 1389 1179 1451 exercitus

121 1473 266 1553 perterriti
286 1475 322 1534 ed
337 1474 488 1535 Caesarem
507 1484 648 1535 venerunt
665 1482 693 1535 et
713 1475 748 1535 de
768 1474 828 1534 suis
843 1474 977 1553 privatim
991 1475 1078 1534 rebus
1093 1474 1128 1533 ab
1143 1493 1178 1534 eo

121 1567 219 1639 petere
233 1567 401 1637 coeperunt,
417 1559 556 1638 quoniam
568 1559 672 1620 civitati
683 1560 834 1620 consulere
845 1576 907 1618 non
917 1565 1048 1637 possent
1062 1557 1179 1632 verinis,

118 1653 157 1704 'ne
178 1644 214 1704 eb
235 1643 371 1703 omnibus
393 1644 586 1717 desereretur,
605 1644 822 1704 Indutiomams
841 1644 950 1721 legatos
971 1643 1007 1703 ad
1027 1643 1178 1702 Caesarem

121 1728 222 1788 mittit:
246 1727 316 1788 Sese
335 1727 442 1788 idcirco
459 1729 494 1788 ab
509 1728 570 1788 suis
586 1729 732 1789 discedere
747 1738 831 1807 atque
846 1729 881 1788 ad
896 1747 964 1788 eum
978 1727 1077 1788 ventre
1089 1727 1177 1788 nolu-
1198 1741 1213 1790 6

120 1813 191 1886 isse,
211 1832 269 1892 quo
289 1812 399 1872 facilius
420 1813 560 1874 civitatem
579 1813 609 1873 iu
628 1813 725 1874 officio
742 1813 912 1886 contineret,
927 1819 965 1873 ‘ne
980 1811 1077 1872 omnis
1091 1811 1178 1872 nobi-

119 1898 207 1958 litatis
234 1897 366 1958 discessu
391 1897 475 1976 plebs
499 1906 620 1977 propter
644 1898 870 1977 imprudentiam
895 1898 1050 1959 laberetur:
1083 1896 1213 1976 itaquet

121 2001 187 2043 esse
206 1981 348 2042 diritatem
367 1981 397 2042 in
414 2001 470 2062 sua
488 1990 644 2062 potestate,
663 2001 799 2062 seseque,
824 1983 848 2042 si
868 1983 973 2044 Caesar
990 1981 1178 2061 permitteret,

17 2105 23 2125 .
123 2061 283 2128 ad'erunin
299 2074 391 2127 castra
407 2075 574 2142 venturum,
593 2087 662 2129 suas
680 2067 856 2146 civitatisque
878 2069 1010 2128 fortunas
1031 2066 1092 2128 eius
1113 2066 1179 2128 fidei

120 2169 371 2232 permissurum.¹
489 2231 491 2234 ι
631 2180 637 2186 -

206 2244 235 2303 4.
276 2237 391 2310 Caesar,
420 2237 474 2298 esti
496 2237 687 2317 intellegebat,
711 2256 767 2317 qua
791 2238 827 2301 dc
852 2256 937 2298 causa
955 2257 988 2300 ea
1008 2237 1179 2310 dicerentur,

121 2341 251 2401 qrraeque
264 2339 330 2382 eum
346 2339 393 2382 res
408 2321 444 2382 ab
456 2322 587 2382 instituto
600 2322 722 2383 consilio
734 2325 898 2395 deterreret,
911 2329 1017 2394 tamen,
1032 2339 1070 2383 ne
1085 2329 1178 2382 aesta-

119 2415 178 2467 tem
198 2409 229 2466 in
250 2405 382 2467 Treveris
402 2424 575 2468 consumere
595 2415 747 2486 cogeretur
767 2407 960 2467 omnibus'ad
980 2406 1178 2468 Britannicum

119 2490 226 2552 bellum
254 2491 341 2551 rebus
366 2491 554 2569 comparans,
585 2491 817 2554 Indutiomarum
842 2491 878 2552 ad
902 2509 933 2550 se
957 2510 1024 2551 cum
1047 2489 1179 2551 ducentis

121 2573 273 2637 obsidibus
291 2575 388 2635 venire
406 2575 500 2636 iussit.
530 2575 582 2636 llis
603 2577 747 2649 adductis,
766 2576 796 2636 in
816 2575 851 2637 iis
871 2575 930 2636 filio
947 2573 1178 2656 propinquisque
1197 2578 1212 2628 2

121 2827 169 2875 gen
187 2812 234 2862 der
250 2811 414 2874 Verbindung
430 2811 476 2862 mit
491 2812 539 2861 den
557 2810 623 2862 Ger·
677 2819 729 2875 ten,
748 2811 791 2862 fiir
802 2812 856 2862 ibrc
868 2810 1178 2874 Privataugelegenbeiten

119 2895 222 2939 manem
238 2896 260 2928 e.
273 2878 289 2928 2
302 2894 325 2929 a.
338 2879 367 2928 Ε.
678 2879 801 2944 (surdas,
814 2894 867 2929 was
876 2879 951 2942 jeder
962 2879 1004 2928 fiir
1016 2878 1080 2941 sict,
1092 2878 1178 2943 priuc-

153 2947 178 2996 2.
212 2947 243 2997 de
266 2950 414 3015 pnectpatu
432 2975 468 2984 -
488 2947 623 2998 contende·
675 2948 828 3012 deterre),
847 2946 1017 2997 Fiirbitteein
1036 2945 1179 3014 (peterede

120 3017 189 3066 barat.
208 3014 357 3066 Wiederum
369 3013 463 3066 Iommt
473 3015 529 3065 dem
541 3015 568 3065 C.
581 3016 621 3065 die
675 3043 709 3052 —
723 3031 742 3065 s.
763 3015 785 3064 1.
798 3015 839 3079 42,
856 3015 894 3079 1).
912 3015 951 3064 Za
964 3015 1057 3064 diesem
1069 3014 1178 3064 attribu-

120 3081 264 3133 Effersucht
272 3084 319 3132 der
327 3082 478 3147 Iltiuptlinge
488 3091 620 3146 cutgegen,
676 3085 745 3134 tiven
760 3081 890 3134 Gebroucb
906 3084 950 3132 des
968 3081 1078 3132 Adverb.
1095 3083 1176 3146 vergl.

120 3151 159 3200 die
177 3151 260 3200 lieber
277 3151 332 3199 dem
348 3149 485 3215 Premden,
507 3151 545 3202 als
566 3152 621 3200 deur
676 3168 698 3208 z.
712 3149 738 3202 B.
751 3151 806 3201 Liv.
820 3152 843 3201 6.
857 3149 899 3214 39,
913 3149 940 3200 6:
964 3154 1079 3201 mcedno
1089 3152 1177 3218 petra-

119 3215 620 3268 Ncbenbublerciebuntcrwerfenwol-
677 3223 723 3270 dm
740 3219 854 3288 periculo
874 3219 943 3269 nullo
960 3218 1060 3288 publice
1081 3217 1177 3268 molu-

118 3285 169 3335 Ieu.
188 3285 286 3348 Cinget.
296 3300 351 3336 war
360 3285 568 3350 Scbwiegersobn
578 3288 622 3336 des
676 3291 770 3338 mento.
1001 3315 1008 3320 -

10 3383 11 3424 q
120 3353 318 3404 Indutiomarus:
332 3352 373 3416 56,
387 3352 410 3402 3.
711 3355 734 3404 6.
761 3354 875 3404 decessu
891 3353 930 3403 als
947 3351 1004 3402 Abl.
1022 3367 1113 3403 causae
1128 3351 1177 3400 wie

151 3421 177 3470 4.
195 3425 223 3472 ia
234 3421 326 3472 siloam
336 3421 424 3471 abditi.
442 3421 491 3470 Mit
501 3421 622 3470 welcbem
677 3421 1082 3484 3.23,4adeentu.—-ladcretor:
1091 3418 1176 3482 feblte,

10 3491 11 3494 ’
118 3487 284 3540 Unterscbied
297 3489 319 3538 1.
332 3488 414 3551 39,4:
431 3491 458 3538 in
473 3491 638 3539 momorum
677 3490 729 3539 sich
739 3489 866 3554 verginge,
877 3489 953 3537 durch
963 3486 1046 3538 Abfall
1055 3487 1105 3536 und
1114 3484 1177 3535 Auf-

10 3627 11 3647 Χ
119 3553 265 3607 lirabditt'f
676 3558 758 3607 stand.

153 3625 177 3674 5.
196 3624 228 3674 de
243 3628 299 3675 aare
315 3627 435 3692 prteadm
451 3626 537 3675 ratur.
561 3623 620 3674 Pri·
712 3625 735 3674 7.
757 3627 784 3674 st
797 3651 829 3660 -
839 3625 1002 3691 poeniteret
1015 3621 1071 3686 frigt
1082 3636 1111 3670 er
1122 3621 1177 3670 hin-

119 3695 198 3742 catt‘m
217 3693 250 3742 im
267 3691 376 3755 Gegeus.
393 3709 425 3742 zu
446 3694 553 3753 etstan,
575 3691 619 3740 be·
676 3708 720 3754 zu,
737 3691 796 3742 weil
809 3689 851 3754 C.,
869 3691 900 3739 da
917 3687 1177 3739 creinmalfeindlicb

120 3760 236 3810 zeicbnet
258 3763 314 3811 stris
341 3761 420 3809 eliber
443 3760 492 3809 und
516 3758 622 3808 vertritt
675 3759 834 3822 cufgetreten
848 3773 911 3820 war,
929 3757 997 3807 scine
1010 3757 1177 3820 Anniibcruug

120 3827 195 3877 durch
224 3829 264 3878 dle
292 3828 416 3890 gew'ribltc
441 3827 558 3888 Stellnug
580 3827 620 3876 cin
675 3826 865 3876 zuriielrweisen
878 3826 928 3873 und
941 3823 1176 3874 ibnalsI'eindbc-

119 3895 276 3945 Adiectivum
291 3896 349 3958 (wle
361 3895 385 3944 3.
397 3894 439 3957 29,
454 3895 465 3944 1
480 3894 619 3961 decerpsi:
673 3894 779 3944 bandeln
793 3894 896 3943 Iounte.
917 3891 1006 3956 Vergl.
1018 3894 1065 3943 deu
1078 3889 1177 3955 Anfang

91 3963 95 3971 “
122 3963 159 4011 sie
179 3962 278 4026 legten,
305 3963 336 4013 dc
356 3963 393 4012 eie
413 3963 458 4013 das
478 3963 554 4012 beste
575 3962 619 4011 des
673 3962 720 4012 des
735 3961 796 4026 folg.
810 3959 868 4027 Cap.
887 3989 921 3998 -
931 3960 1000 4028 fidei
1012 3963 1133 4030 permies.
1151 3960 1175 4009 4.

121 4029 206 4081 staats
222 4031 284 4080 decb
303 4030 371 4081 nicht
387 4029 522 4081 befordcrn
539 4029 618 4080 loun*
671 4029 713 4096 21,
727 4030 751 4081 8.
941 4095 955 4164 ὲ

926 4116 935 4165 1
962 4113 975 4142 ἡ
