2798 4482
495 289 496 294 ¹
560 319 593 374 v.
611 320 713 371 o-11.
1103 319 1163 389 135

109 471 288 552 aliquantum
307 472 417 534 itineris
437 473 614 552 progressis,
635 492 701 534 cum
713 473 778 534 «iam
797 473 918 536 extremi
936 481 1034 535 essent
1048 473 1079 536 in
1093 493 1165 553 pro-

110 566 225 637 spectu,
245 557 355 636 equites
375 579 390 619 a
407 558 516 629 Quinto
532 558 614 620 Atrio
630 559 665 620 ed
680 557 832 620 Caesarem
846 564 1001 632 venerunt,
1020 558 1069 637 qni
1087 575 1166 620 nun·

107 643 215 704 tierent
234 643 386 722 superiore
404 650 491 704 nocte
505 661 641 704 maxuma
657 651 757 704 coorta
771 650 942 722 tempestate
956 662 1049 722 prope
1064 661 1167 704 omnes

107 746 196 790 naves
217 728 336 788 alllictas
356 735 441 806 atque
461 727 491 788 in
510 727 595 790 litore
613 727 718 788 eiectas
738 747 816 801 esse,
835 727 914 808 quod
933 746 1168 807 nequeancorae

109 815 253 891 funesque
268 812 471 885 subsisterent,
486 830 580 890 neque
594 821 698 874 nautae
709 813 975 893 gubernatoresque
983 813 1042 874 vim
1053 819 1166 891 tempe-

108 897 192 958 statis
211 897 271 975 pcti
288 905 425 976 possent:
445 898 540 976 itaque
560 917 596 958 ex
615 917 650 958 eo
666 917 812 960 concursu
823 897 940 959 navium
951 915 1090 975 magnum
1102 916 1166 958 esse
1185 910 1202 962 3

6 1027 10 1046 .
107 982 330 1044 incommodum
345 990 505 1059 acceptum.

197 1073 248 1132 11.
274 1065 326 1128 Hie
345 1065 432 1126 rebus
452 1066 575 1144 cognitis
591 1067 694 1128 Caesar
706 1067 835 1146 legiones
850 1066 1067 1146 equitatumque
1081 1065 1170 1128 revo-‘

109 1151 168 1214 cori
179 1161 265 1230 atque
275 1151 306 1212 in
317 1150 419 1212 itinere
430 1151 563 1212 resistere
574 1151 661 1223 iubet,
673 1152 737 1232 ipse
746 1154 782 1214 ad
794 1172 880 1213 naves
891 1151 1056 1224 revertitur3
1066 1152 1168 1212 eadem
1188 1159 1203 1211 2

109 1238 183 1310 lere,
205 1255 279 1314 quae
293 1255 328 1296 ex
341 1235 449 1296 nuntiis
463 1235 624 1315 litterisque
639 1245 824 1315 cognoverat,
840 1255 940 1298 coram
955 1235 1106 1316 perspicit,
1125 1236 1169 1297 sic

109 1329 143 1383 ut
158 1321 275 1398 arnissis
292 1319 404 1382 circiter
418 1339 455 1383 xc
471 1321 591 1382 natibus
606 1321 732 1400 reliquae
750 1330 847 1383 tamen
862 1321 941 1382 refici
955 1339 1045 1399 posse
1059 1339 1166 1400 magno

109 1405 228 1484 negotio
243 1405 417 1466 viderentur.
441 1403 541 1485 ltaque
555 1425 590 1466 ex
604 1406 767 1484 legionibus
782 1407 880 1467 labros
896 1405 992 1483 deligit
1006 1413 1035 1466 et
1048 1425 1083 1466 ex
1095 1424 1167 1467 con·
1188 1415 1204 1466 3

110 1490 215 1554 tinenti
233 1490 305 1552 alios
324 1489 433 1550 arcessi
452 1489 543 1564 inbet3
566 1491 693 1551 labieno
714 1491 826 1565 scribit,
851 1498 897 1562 ut,
923 1489 1168 1568 quamplurimas
1188 1499 1206 1550 4

109 1582 222 1656 posset,
236 1574 271 1636 iis
285 1574 456 1653 legionibus,
471 1594 544 1654 quae
558 1582 628 1636 sunt
641 1576 718 1654 apud
734 1594 810 1648 eum,
825 1593 912 1636 naves
926 1573 1066 1635 instituat.
1092 1573 1168 1652 lpse,
1188 1590 1204 1640 s

110 1661 165 1724 etsi
184 1677 232 1721 res
251 1667 313 1720 erat
330 1660 436 1720 multae
455 1678 561 1740 operae
579 1679 613 1720 ac
630 1659 752 1732 laboris,
778 1669 875 1720 tamen
894 1657 1168 1720 commodissimum

110 1765 177 1808 esse
192 1744 291 1806 statuit
311 1761 521 1806 omnesnaves
542 1743 664 1805 subduci
684 1752 712 1805 et
732 1763 798 1805 oum
818 1744 919 1804 castris
934 1761 993 1804 una
1007 1743 1169 1804 munitione

112 1830 260 1908 coniungi.
294 1830 327 1889 ln
346 1829 392 1889 bis
412 1829 498 1889 rebus
519 1829 632 1890 circiter
651 1830 712 1890 dies
737 1848 756 1890 x
782 1828 929 1890 consumit
954 1845 991 1888 ne
1016 1828 1168 1889 noctmnis
1189 1842 1205 1893 6

111 1916 232 1997 quidem
251 1913 433 1993 temporibus
453 1915 488 1976 ad
507 1913 637 1998 laborem
656 1915 780 1980 militurn
800 1913 982 1975 intermissis
1014 1911 1170 1974 Subductis
1191 1929 1205 1977 7

110 2001 233 2063 navibus
258 1998 417 2078 castrisque
440 1999 553 2078 egregie
577 1999 699 2060 munitis
725 1998 841 2059 easdem
866 1998 979 2078 copias,
1005 2017 1076 2078 quas
1097 2007 1170 2072 ante,

112 2209 220 2268 eiectae,
238 2203 305 2254 nicht
320 2205 347 2252 tn
363 2201 438 2264 litum
459 2203 506 2252 der
522 2202 615 2254 Unter-
670 2204 737 2266 bnng
757 2203 827 2254 eines
848 2203 954 2266 Regrills
980 2203 1039 2266 (der
1059 2203 1099 2252 bei
1121 2203 1169 2254 inm

114 2273 201 2324 colried
224 2271 288 2334 licgt
309 2271 380 2320 nobe.
404 2297 439 2306 -
461 2272 616 2321 eubebtere:
671 2271 836 2320 belindlicben
869 2270 943 2334 Leg.)
983 2271 1060 2321 dnrcb
1096 2271 1170 2321 einen

115 2341 276 2400 feststeben,
289 2337 444 2388 lestnaltea.
472 2338 499 2388 C.
512 2339 617 2388 braucbt
671 2339 827 2400 selbstitodig
848 2337 1024 2388 anltretenden
1047 2365 1082 2376 -
1104 2339 1172 2388 nicbt

116 2412 160 2460 dns
178 2406 288 2472 lmperl,
309 2405 376 2456 nicht
391 2405 506 2470 Plusqu,
526 2407 575 2455 wie
591 2407 617 2456 in
670 2407 696 2456 in
714 2407 754 2455 die
772 2406 892 2456 indirecte
904 2405 973 2455 neta
985 2406 1172 2456 verflocbtenen

116 2478 229 2528 directcr
240 2474 308 2524 Rede
326 2475 501 2524 mortetebcmt
511 2475 560 2522 und
570 2489 618 2540 po·
671 2501 705 2510 -
718 2472 812 2524 Zusotz
830 2475 874 2522 des
891 2471 1089 2523 Sobriltstellers
1110 2473 1172 2535 (wic

116 2547 204 2596 tereret
220 2543 258 2605 (d.
268 2543 283 2591 i.
296 2541 415 2590 wtibrcnd
432 2542 477 2590 des
489 2541 617 2603 Sturmes)
673 2541 697 2591 2.
710 2541 734 2604 4,
750 2539 789 2590 10.
808 2539 831 2590 3.
844 2541 873 2600 8,
886 2540 928 2603 4),
949 2541 996 2590 der
1015 2555 1104 2602 wegen
1126 2540 1173 2588 der

117 2613 206 2663 stebcn
226 2611 322 2660 wiirdc.
351 2608 373 2657 1.
391 2607 432 2671 40,
450 2609 477 2656 5:
505 2607 619 2658 subtera-
672 2609 838 2658 historischen
858 2607 990 2659 Priiseatin
1013 2608 1058 2656 des
1081 2607 1171 2658 Sutzes

116 2683 185 2732 rent.
352 2721 355 2726 .
672 2677 735 2726 eben
751 2676 813 2725 anob
835 2675 868 2726 im
883 2675 955 2725 Priis.
972 2675 1085 2738 gegeben
1101 2675 1172 2738 wird,

152 2746 177 2798 3.
213 2761 249 2796 ere
265 2761 299 2794 oo
320 2759 460 2794 coercuerit:
478 2744 554 2793 durcb
572 2743 618 2792 den
672 2742 854 2805 wie7.78,1:
871 2745 1037 2806 construunt,
1050 2746 1080 2794 ut
1092 2745 1118 2804 tt,
1131 2745 1176 2807 qui

120 2815 193 2866 dahel
205 2813 330 2876 erlolgtea
343 2811 560 2862 Znsummenstoss
574 2811 620 2860 der
672 2811 815 2862 valetudine
839 2839 874 2847 -
893 2809 995 2861 baculos
1018 2814 1081 2860 smil
1103 2810 1171 2876 bello,

120 2881 221 2934 Sebille.
672 2879 764 2946 oppido
786 2877 918 2930 eoecedmtt.
955 2877 1017 2928 Sall.
1029 2875 1081 2939 lug.
1094 2877 1135 2940 54,
1151 2877 1172 2928 1:

154 2942 206 3001 ll·
228 2949 253 2998 2.
275 2950 313 2998 sic
327 2946 373 2998 nul
385 2948 433 2996 dea
450 2962 546 3010 ganzen
558 2961 618 2996 vor·
672 2948 798 3013 bortatur,
811 2946 846 2997 ad
856 2951 946 3012 cetero,
960 2943 1171 3012 quantitatum,

119 3017 295 3082 bergelrentloa
308 3016 368 3065 Satz
385 3031 417 3064 zu
432 3015 552 3065 bezieben
569 3014 619 3062 und
670 3030 761 3083 parom
774 3017 888 3065 mimum
897 3018 1000 3080 garant.

119 3088 167 3136 dea
179 3085 260 3136 lnbalt
277 3084 339 3133 nocb
354 3083 446 3132 einmcl
463 3097 618 3134 zusammen-

119 3153 234 3205 lassend:
248 3152 272 3202 in
285 3152 332 3202 der·
343 3149 433 3200 Weise
445 3151 561 3200 niimlicb.

152 3221 178 3272 3.
201 3220 248 3270 Dio
259 3217 352 3268 Worte
370 3235 404 3268 etc
418 3219 511 3283 taglam
521 3219 620 3283 sabroe

120 3289 237 3354 deligit
257 3287 346 3350 reigen
367 3287 490 3347 deutlich,
502 3287 571 3336 ,duas
591 3283 619 3334 C.

120 3358 188 3408 niebt
198 3356 255 3405 blos
267 3355 312 3405 das
323 3355 461 3406 untcrdem
471 3355 621 3421 praefectus

112 3426 226 3489 fabrum
236 3423 357 3474 stebendc
370 3421 449 3486 Corps
463 3436 511 3470 von
524 3418 622 3469 Werlr-
709 3422 733 3472 6.
751 3421 905 3472 adhiberem
913 3423 1076 3471 interimeris.
1089 3419 1173 3468 Ebcn-

121 3493 206 3543 leuton
236 3489 449 3552 (Zimrnerleute,
473 3488 621 3550 Scbmiede)
676 3506 704 3540 so
718 3489 817 3551 e.4o,5.
827 3488 862 3539 ad
871 3488 929 3538 bez.
939 3489 986 3538 den
995 3486 1102 3538 Zweck=
1115 3487 1175 3536 ‘zur

121 3561 219 3610 induco
232 3559 328 3620 konco,
345 3557 453 3606 eundern
471 3557 529 3606 dass
541 3569 571 3604 er
582 3554 624 3604 liir
676 3556 773 3608 Arbeit¹
787 3557 849 3606 oder
865 3555 915 3605 ‘liir
926 3555 966 3605 die
978 3553 1074 3604 Arbeit'
1087 3575 1122 3597 ε
1134 3554 1174 3602 in·

122 3630 162 3678 dio
185 3625 391 3678 nmicssenderen
413 3623 535 3674 Arbeiten
559 3623 622 3672 noch
676 3626 731 3675 dem
748 3640 803 3674 mon
821 3623 901 3674 selbot
916 3623 956 3672 die
968 3621 1064 3672 N'riobte
1081 3621 1122 3670 liir
1134 3622 1174 3670 die

123 3697 216 3748 andero
233 3694 365 3758 geeignete
376 3691 456 3742 Lente
474 3690 622 3740 auswiiblte.
675 3693 765 3744 Arbelt
773 3693 819 3742 der
827 3691 946 3741 Soldoten
960 3689 1026 3740 nicht
1037 3688 1176 3740 unbenetzt

123 3793 158 3802 -
168 3781 203 3814 oe
214 3764 366 3813 rennuenti:
378 3761 402 3810 4.
415 3759 457 3822 31,
468 3758 494 3808 2.
676 3761 738 3824 lies,
756 3760 836 3809 selbst
852 3759 892 3808 dle
904 3755 936 3807 N.
953 3759 1017 3807 drzu
1033 3757 1174 3806 cawondte.

158 3831 183 3882 4.
203 3835 296 3900 portet
309 3855 345 3868 —
355 3831 482 3879 instituat.
505 3824 568 3876 s.3.
583 3825 622 3888 11,
676 3827 776 3877 Andcrs
793 3827 817 3876 7.
833 3825 908 3888 24,2
925 3842 949 3875 n.
965 3825 993 3875 B.
1006 3824 1033 3874 C.
1052 3825 1073 3874 1.
1086 3823 1131 3887 32,
1146 3823 1172 3874 1:

125 3901 148 3950 5.
169 3929 204 3938 -
223 3904 256 3951 iis
275 3899 430 3964 legionibus:
457 3895 478 3945 1.
497 3893 525 3955 8,
546 3893 568 3943 1.
589 3919 622 3928 -
676 3894 842 3958 etreliqucm
859 3898 958 3962 tempus
974 3893 1176 3944 elaboretnter·

123 3985 188 4035 ¹qnam
208 3972 283 4020 eunt
302 3965 373 4035 apud
387 3979 453 4016 eom.
480 3961 624 4015 llmscbrei-
677 3965 831 4014 uerteretur.

708 3118 732 3167 5.
750 3117 846 3168 multae
855 3113 1103 3184 opmcocclabon‘e:
1116 3114 1173 3164 ‘von

672 3186 754 3236 vielcr
764 3185 854 3234 Arbeit
865 3185 915 3234 und
927 3181 1112 3246 Mlibseliglreit‚
1125 3183 1173 3232 Be-

674 3252 828 3316 scbwerde',
848 3253 871 3302 d.
892 3254 909 3302 1.
931 3252 971 3301 ein
996 3251 1173 3301 arbeits'volles

673 3317 723 3370 und
741 3320 948 3372 bescbwerlicbes
960 3319 1157 3371 Unternebmen.
