2828 4480
249 323 308 388 186
335 371 337 379 J
607 320 651 371 nn
668 319 776 371 sumo
795 319 937 371 cmuroo

242 475 386 556 praesidio
397 475 518 538 naribus
528 474 652 554 reliquit
667 475 732 554 ipse
742 475 854 547 eodem,
868 475 946 562 unde
956 472 1086 546 redierat,
1097 471 1298 552 proficiscitur.

207 571 222 623 8
243 564 286 623 Eo
302 580 367 623 cum
382 562 517 635 venisset,
531 559 656 621 maiores
670 560 729 620 iam
743 560 872 638 undique
886 559 917 618 in
931 577 997 619 eum
1012 558 1108 618 locum
1124 556 1224 636 copiae
1234 558 1299 618 Bri-

243 655 401 708 tannorum
428 652 622 708 convenerant
647 663 762 705 summa
791 643 905 722 imperii
934 643 1055 722 bellique
1080 642 1299 704 administrandi

244 731 394 793 communi
410 731 531 791 consilio
546 729 691 808 permissa
702 729 927 798 Cassivellaun03
943 727 1025 789 cuius
1037 728 1109 788 fines
1121 747 1138 788 a
1149 727 1301 788 maritimis

243 813 402 878 civitatibus
416 816 525 877 llumen
537 813 644 888 dividit,
659 814 738 893 quod
752 813 911 893 appellatur
922 811 1061 885 Tamesis,
1077 813 1177 872 amari
1189 811 1301 873 circiter

98 917 101 926 ¹
205 911 221 963 e
242 901 321 962 milia
335 919 476 980 passuum
492 919 575 960 cxxx.
606 898 682 960 Huic
696 899 846 977 superiore
859 906 994 976 tempore
1015 916 1081 958 oum
1096 895 1214 975 reliquis
1230 897 1299 958 ciu'-

241 986 348 1047 tatibus
369 983 545 1046 continentia
563 983 635 1045 bella
650 983 886 1056 intercesserant3
907 983 958 1042 sed
973 989 1076 1043 nostro
1092 981 1216 1042 adventu
1231 1000 1299 1061 per-

241 1070 314 1132 moti
329 1069 461 1130 Britanni
476 1070 555 1130 hunc
568 1069 623 1129 toti
637 1067 711 1128 hello
726 1067 908 1148 imperioque
922 1068 1125 1146 praefecerant.

328 1163 378 1222 12.
407 1154 571 1215 Britanniae
590 1171 657 1231 pars
672 1152 794 1213 interior
808 1152 844 1212 ah
858 1153 893 1212 iis
909 1151 1056 1225 incolitur,
1077 1169 1152 1230 quos
1167 1159 1254 1212 natos
1268 1150 1299 1211 in

204 1246 220 1297 2
241 1239 335 1300 insula
353 1239 410 1320 ipsi
425 1238 564 1300 memoria
579 1237 729 1316 proditum
745 1237 857 1310 dicunt,
876 1236 1020 1297 maritima
1038 1255 1106 1315 pars
1126 1236 1162 1297 ab
1177 1236 1228 1309 iia,
1250 1235 1299 1315 qui

137 1337 140 1344 ’
241 1325 363 1403 praedae
377 1343 410 1385 ac
424 1323 491 1384 belli
505 1321 647 1384 inferendi
662 1340 748 1382 causa
763 1341 797 1382 ex
811 1321 909 1400 Belgio
924 1321 1097 1382 transierant
1117 1320 1180 1400 (qui
1196 1339 1298 1382 omnes

241 1410 301 1470 fere
315 1409 351 1470 iis
365 1408 534 1470 nominihus
547 1407 691 1469 civitatum
703 1407 891 1486 appeBantur‚
906 1406 1010 1485 quibus
1022 1407 1079 1466 orti
1090 1425 1123 1466 ex
1136 1405 1298 1467 civitatibus

240 1513 275 1554 eo
291 1495 498 1573 pervenerunt)
514 1502 542 1554 et
552 1492 626 1553 bello
638 1491 714 1551 illato
726 1491 766 1551 ihi
777 1499 999 1571 permansenmt
1009 1498 1095 1570 atque
1105 1509 1191 1568 agros
1204 1491 1299 1551 colere

204 1588 220 1640 3
242 1587 407 1658 coeperunt.
438 1578 597 1639 Hominum
613 1584 657 1636 est
670 1575 782 1637 infinita
801 1576 957 1637 multitudo
974 1574 1204 1654 creberrimaque
1218 1575 1297 1636 aedi·

154 1737 155 1744 *
205 1674 222 1724 4
240 1662 305 1724 licia
319 1665 379 1726 lere
390 1662 506 1725 Gallicis
521 1660 692 1733 consimilia,
707 1680 846 1740 pecorum
862 1679 985 1738 magnus
995 1679 1144 1720 numerus.
1173 1661 1299 1720 Utuntur

240 1755 290 1808 aut
300 1767 365 1809 aere
374 1758 423 1809 aut
432 1747 512 1809 taleis
521 1745 621 1808 ferreis
630 1746 665 1806 ad
676 1754 786 1806 certum
796 1746 913 1826 pondus
922 1744 1089 1806 examinatis
1098 1763 1153 1824 pro
1163 1762 1296 1805 nummo.

275 1933 298 1982 8.
321 1949 423 1984 camena
437 1935 550 2000 imperii:
567 1934 613 1982 der
629 1931 750 1989 Oberhes
795 1935 1002 1997 compertam—
1012 1933 1150 1981 memon'a:
1161 1930 1239 1980 durch
1251 1931 1296 1982 das

239 1999 305 2062 fehl,
326 2000 417 2050 weiter
437 1999 585 2063 ausgeliihrt
602 2001 678 2050 durch
695 2001 740 2048 das
796 1997 961 2048 Gediichtniss
984 1997 1071 2060 (nieht
1082 1999 1158 2048 durch
1179 1997 1296 2063 schrift),

239 2066 678 2130 allgemeinereuudumlussendere
691 2066 742 2118 tel·
794 2067 870 2116 durch
903 2066 1043 2116 miindliehe
1077 2065 1295 2130 Ueberlieleruug,

239 2134 305 2199 tique
325 2134 535 2184 adrataistraodi:
563 2135 604 2184 die
625 2134 740 2185 Oberlei-
794 2132 932 2183 Tradition.
960 2132 1076 2184 Schneid.
1090 2132 1294 2198 vergleichtCic.

240 2209 303 2264 tang
325 2202 369 2251 des
394 2217 488 2264 mezen
510 2199 610 2265 liriegs‚
634 2217 676 2251 um
699 2202 739 2251 die
794 2200 868 2251 Verr.
881 2200 903 2249 l.
916 2199 958 2249 18:
972 2201 1040 2266 qood
1050 2205 1091 2252 est
1099 2201 1296 2269 proditamme·

240 2270 450 2332 ausgedehnteste
473 2269 615 2320 Vollmacht
638 2286 670 2320 zu
693 2269 740 2318 he·
793 2271 878 2318 mor-ia
888 2283 918 2317 aa
929 2268 1023 2319 titteris
1030 2291 1064 2311 =
1073 2269 1141 2335 qaod
1151 2269 1296 2320 acediemur

240 2337 367 2388 aeiclrueu.
390 2334 418 2386 In
431 2337 609 2401 umgekehrter
620 2336 741 2400 Ordnung
793 2351 823 2385 ac
838 2336 956 2402 laganae.
975 2336 1052 2386 Sonst
1067 2341 1214 2387 meraortae
1232 2352 1296 2405 pro·

242 2405 308 2467 (vom
317 2404 490 2469 Aligemeiuen
503 2421 559 2454 auru
571 2405 740 2468 Besonderen,
794 2403 864 2470 dere,
888 2404 933 2454 mit
957 2405 1076 2461 walchem
1098 2404 1296 2456 Unterschiede?

240 2487 296 2522 vom
322 2471 425 2524 Gauzen
453 2469 515 2523 zum
533 2472 621 2524 Theile
644 2473 739 2523 ahstei-
793 2500 828 2508 —-
848 2471 961 2539 praedae
983 2487 1013 2522 ac
1036 2472 1095 2522 delte'
1115 2473 1194 2538 deifer.
1214 2487 1296 2523 carna

239 2541 318 2604 gend)
341 2539 357 2606 ᾖ
374 2541 403 2590 9:
425 2544 475 2591 toti
493 2540 554 2591 dello
574 2545 739 2610 iaepmoque.
794 2540 891 2590 'rihnlich
905 2541 951 2589 der
964 2555 985 2590 c.
997 2539 1036 2604 11,
1047 2539 1200 2590 8erkllirten
1213 2538 1297 2591 Bede-

239 2609 315 2658 Bcide
335 2607 408 2658 utile
430 2609 485 2658 sind
507 2609 591 2672 hiiulig
613 2609 663 2658 und
684 2615 740 2658 ent-

241 2677 361 2742 sprechen
378 2676 402 2726 in
421 2677 506 2727 dieser
521 2676 611 2727 Weise
633 2677 679 2726 der
695 2692 739 2740 ge-

239 2744 540 2794 nauenhusliihrliehkeit
545 2745 651 2794 Caesare
661 2747 739 2808 mehr,

238 2811 278 2860 als
290 2811 330 2861 die
343 2827 371 2861 so
385 2811 422 2862 ott
435 2811 564 2862 lilschlich
576 2813 740 2875 angewandte

239 2879 383 2942 Erkltirung
389 2880 465 2928 durch
475 2876 505 2930 ἓν
515 2873 563 2928 διὰ
574 2877 741 2944 dueta-fla-

238 2962 305 3007 men,
315 2946 397 3010 qaod
406 2946 549 3013 appellatur
560 2945 682 3009 Tartessia,
695 2961 740 2996 an·

240 3013 299 3062 ders
309 3013 348 3062 als
359 3014 413 3062 z.B.
423 3012 490 3075 l.38‚
499 3013 520 3062 1:
532 3013 561 3065 V
560 3012 743 3079 esootio‚qaod

240 3083 280 3129 eet
291 3079 417 3148 oppidum,
432 3081 497 3144 weil,
510 3095 582 3130 wenn
596 3081 635 3131 ein
649 3080 745 3144 Begriff

240 3153 294 3196 eret
324 3147 400 3196 durch
431 3148 479 3196 den
508 3147 665 3198 Relativsotz
699 3149 742 3197 be·

240 3214 334 3264 stimmt
350 3215 414 3264 wird
431 3215 497 3277 (ein,
516 3216 578 3265 oder
595 3217 641 3264 der
656 3216 741 3279 Fluss,

239 3281 377 3345 weicheri,
402 3284 446 3333 das
469 3282 578 3333 Relativ.
603 3283 654 3332 sich
679 3286 741 3334 nach

239 3351 295 3399 dem
329 3351 551 3414 vorhergchenden
586 3350 740 3402 Substantiv.

240 3419 339 3469 richtet.

275 3476 326 3535 12·
346 3486 368 3535 1.
386 3487 739 3550 natoriameola=indige-

240 3569 293 3618 nas,
304 3548 485 3621 αὐτόχθονας.
498 3554 617 3605 Aehnlioh
627 3555 667 3605 die
678 3553 739 3606 Gal-

239 3621 288 3672 lier
300 3621 323 3671 6.
332 3621 372 3684 18,
380 3621 401 3686 1,
413 3624 464 3672 und
475 3638 523 3672 von
537 3623 584 3673 den
597 3621 738 3673 Gennaneu

239 3688 438 3740 Toe.Germ.c.2:
448 3693 520 3757 iprae
527 3688 666 3740 Mamaos
674 3691 740 3740 dede

237 3773 319 3821 gerrae
332 3757 489 3808 crediderim.
501 3757 586 3821 Agric.
600 3773 621 3808 e.
634 3758 676 3808 ll:
695 3757 740 3808 Ce-

793 2609 881 2657 weise.

827 2675 852 2725 2.
879 2677 969 2742 amhae
985 2689 1021 2725 ec·
1035 2677 1190 2739 cadmiae,
1207 2676 1247 2726 als
1264 2677 1296 2726 oh
1402 2661 1403 2704 3

794 2759 822 2792 es
834 2746 927 2792 vorher
937 2744 1032 2792 hiesso:
1051 2758 1140 2794 carrera
1150 2746 1296 2795 annaeum

794 2814 932 2862 civitatum.
960 2810 994 2860 So
1007 2811 1090 2861 finden
1101 2812 1150 2860 wir
1161 2811 1185 2860 in
1198 2811 1259 2861 Brit.
1272 2827 1296 2862 z.

794 2879 822 2928 B.
840 2878 977 2928 Atrebates
993 2879 1043 2928 und
1061 2878 1161 2940 Belgae.
1176 2905 1212 2916 -
1231 2879 1296 2932 aeto

793 2945 872 2995 ditato.
885 2946 1028 3010 hllerdings
1038 2953 1160 2996 erwartet
1168 2962 1224 2996 man
1235 2949 1298 2997 cher

795 3014 911 3078 confecto
925 3012 1078 3081 (Nipperdey
1091 3014 1199 3077 sedato),
1212 3015 1296 3065 darie

795 3087 850 3129 crst
872 3082 933 3132 nach
955 3081 1113 3145 Vollendnug
1137 3083 1181 3132 des
1202 3079 1297 3146 liriegs
1401 3087 1402 3137 l

796 3147 847 3197 sich
857 3148 1028 3198 niederlussen
1039 3149 1156 3200 kouuteu.
1172 3149 1295 3214 (2.29‚4:

792 3217 1296 3336 tlttfttttutttddtstttt

794 3353 1016 3414 vorhergehendcn
1033 3355 1058 3403 in
1070 3352 1234 3416 Verhiudung
1248 3369 1296 3418 ge-
1400 3377 1401 3424 j

795 3425 862 3470 setzt
879 3421 993 3470 werden:
1016 3421 1073 3472 aaut
1086 3421 1216 3486 inserendi
1234 3437 1296 3473 aare·

793 3503 825 3538 aa
840 3491 1001 3538 trmsierarrt
1014 3493 1042 3538 et
1056 3493 1079 3540 d.
1092 3489 1162 3538 illato
1171 3505 1297 3555 pererrare·

793 3560 896 3606 emant:
913 3556 949 3606 sie
967 3563 1066 3606 setzten
1084 3557 1220 3619 (runichst
1231 3560 1295 3620 nur)

793 3639 834 3672 um
858 3623 895 3672 sie
916 3639 948 3672 eu
970 3623 1119 3688 hekriegeu‚
1143 3623 1218 3688 iiber,
1242 3627 1296 3676 und

792 3692 910 3750 nochdem
934 3692 987 3742 dies
1014 3692 1153 3754 geschelreu
1175 3715 1211 3736 =
1233 3695 1296 3744 und

792 3759 871 3809 daun
883 3759 981 3808 bliehen
993 3759 1030 3808 sie
1042 3760 1081 3810 da.
1100 3760 1127 3808 B.
1137 3759 1164 3810 C.
1177 3759 1198 3810 1.
1209 3761 1252 3824 41,
1262 3759 1293 3810 2:

240 3829 324 3874 teram
356 3825 516 3876 Britmniam
548 3829 592 3892 qui
615 3825 739 3876 mortales
784 3827 859 3891 facit
875 3826 1011 3893 pugnanda·
1020 3827 1186 3892 facultatem
1213 3828 1295 3879 Pote-

237 3893 309 3940 im'tz'o
319 3891 449 3959 colaerhet,
457 3892 629 3959 indigenae
640 3909 673 3944 aa
685 3893 739 3944 ad·
792 3895 944 3959 etatefacta
955 3895 1085 3958 Afranius
1101 3899 1188 3963 copiae
1200 3896 1294 3948 educit.

239 3961 331 4024 recti,
352 3965 382 4010 ut
400 3964 468 4011 cister·
489 3963 623 4027 daroma,
643 3975 739 4030 parum

826 3961 850 4012 3.
880 3961 1032 4012 connume-
1049 3961 1074 4012 2.
1094 3961 1137 4027 11,
1156 3963 1179 4014 l.
1210 3963 1296 4016 Ueher
