2828 4480
560 344 730 400 v.1e-aa.
803 390 806 396 ,
1113 346 1174 412 193

116 496 247 560 tionibus
262 497 361 560 missis
377 517 441 560 sese
452 497 566 562 Caesari
581 499 699 578 dedunt
727 498 773 562 Ab
787 497 834 560 bis
849 498 1002 576 cognoscit
1014 516 1076 560 non
1089 498 1176 578 longe
1195 509 1211 562 t

117 603 153 646 ex
181 602 216 643 eo
244 583 310 644 loco
340 584 483 664 oppidum
511 583 713 647 Cassivellauni
737 583 837 644 abesse
860 583 938 644 silvis
962 583 1176 663 paludibusque

116 667 278 742 munitum,
294 687 352 747 quc
368 669 438 730 satis
452 687 575 748 magnus
590 669 746 730 bominum
761 667 933 748 pecorisque
946 685 1087 730 numerus
1103 687 1176 730 con-

116 752 235 814 venerit
266 753 416 832 Oppidum
434 759 531 814 autem
544 753 676 816 Britanni
694 759 811 825 vocant,
830 771 897 814 cum
917 752 1175 837 silvasimpeditas
1196 760 1212 814 3

115 837 188 900 vallo
209 846 295 918 atque
313 839 393 899 losse
412 838 594 914 munierunt,
620 857 678 917 quo
697 837 874 898 incursionis
893 837 1025 900 hostium
1043 837 1175 900 vitandae

116 941 203 984 causa
223 923 376 984 convenire
396 926 583 986 censuenmt.
617 924 661 985 Eo
686 921 881 1002 proficiscitur
906 941 973 984 cum
998 922 1212 1000 legionibustt

115 1007 220 1068 locum.
228 1007 336 1086 reperit
349 1007 462 1086 egregie
475 1015 579 1070 natura
594 1016 678 1088 atque
693 1026 781 1086 opere
799 1007 960 1080 munitum;
979 1017 1078 1068 nmen
1095 1008 1176 1068 hunc

116 1091 229 1154 duabus
245 1111 280 1152 ex
294 1093 423 1172 partibus
439 1111 610 1173 oppugnare
626 1093 784 1156 contendit.
813 1091 920 1153 Hostes
941 1091 1087 1171 paulisper
1106 1111 1174 1153 mc·
1195 1101 1211 1152 5

115 1177 170 1240 rati
188 1175 313 1238 militum
331 1185 503 1238 nostrorum
522 1179 664 1258 impetum
683 1195 745 1237 non
764 1177 892 1238 tulerunt
917 1195 1037 1256 seseque
1062 1177 1115 1238 alia
1140 1196 1175 1240 ex

114 1269 198 1341 parte
217 1261 321 1342 'oppidi
339 1262 492 1324 eiecemnt.
526 1263 648 1342 Magnus
668 1262 707 1323 ibi
732 1279 874 1322 numerus
900 1261 1016 1340 pecoris
1040 1269 1174 1342 repertus
1195 1267 1211 1320 6

115 1346 258 1426 multique
272 1345 303 1406 in
317 1348 384 1425 luga
398 1355 468 1410 sunt
483 1347 689 1428 comprehensi
703 1354 789 1425 atque
803 1344 953 1408 interlecti.

201 1438 254 1498 22.
273 1432 349 1494 Dum
363 1433 434 1493 baec
447 1433 479 1492 in
492 1431 539 1493 bis
553 1433 627 1494 locis
642 1439 790 1510 geruntur,
804 1430 1031 1492 Cassivellaunus
1046 1432 1083 1492 ad
1098 1431 1176 1494 Can-

115 1514 200 1588 tium,
216 1517 296 1596 quod
311 1535 376 1576 esse
390 1516 426 1578 ed
441 1535 521 1578 mare
535 1536 625 1596 supra
640 1515 912 1592 demonstravimus,
927 1515 1032 1594 quibus
1047 1516 1175 1594 regioni-

115 1599 171 1661 bus
186 1609 323 1680 quattuor
337 1619 419 1678 reges
435 1611 595 1681 praeerant,
610 1601 787 1679 Cingetorix,
802 1599 948 1677 Carvilius,
963 1600 1176 1678 Taximagulus,

117 1685 261 1763 Segouax,
279 1685 398 1748 nuntios
418 1686 506 1747 mittit
525 1694 609 1766 atque
627 1685 674 1747 his
694 1685 829 1764 imperat,
848 1684 891 1745 uti
910 1683 1016 1745 coactis
1037 1684 1174 1746 omnibus
1228 1762 1232 1771 Ι

116 1770 210 1850 copiis
229 1778 322 1832 castra
340 1771 451 1832 navalia
470 1771 506 1832 de
524 1770 687 1852 improviso
706 1769 875 1830 adoriantur
893 1776 978 1847 atque
993 1778 1173 1848 oppugnent

116 1855 222 1916 licum
237 1856 273 1916 ad
288 1863 381 1917 castra
396 1855 555 1929 venissent,
574 1855 669 1917 nostri
687 1853 840 1933 eruptione
858 1854 931 1914 facta
951 1853 1051 1914 multis
1071 1873 1174 1916 eorum
1193 1863 1210 1914 2

114 1938 287 2013 interiectis,
313 1947 398 2019 capto
418 1940 505 2000 etiam
524 1941 615 2002 nobili
636 1941 708 2000 duce
725 1937 903 2017 Lugotorige
922 1957 992 1998 suos
1012 1938 1173 2001 incolumes

114 2025 301 2086 reduxerunt
331 2025 560 2086 Cassivellaunus
575 2027 633 2086 boc
646 2023 758 2104 proelio
773 2023 919 2096 nuntiato,
933 2030 978 2085 tct
992 2023 1173 2086 detrimentis
1193 2030 1210 2084 3

115 2109 250 2190 acceptis,
264 2109 381 2170 vastatis
395 2110 511 2184 finibus,
524 2110 649 2172 maxime
663 2109 747 2170 etiam
763 2115 915 2188 permotus
930 2108 1090 2169 desectione
1104 2109 1173 2170 civi-

114 2201 216 2268 tatum,
229 2195 339 2272 legatos
354 2213 407 2274 per
417 2195 580 2256 Atrebatem
591 2192 755 2257 Commium
772 2193 806 2254 de
820 2192 966 2279 deditione
977 2193 1012 2254 ad
1024 2193 1174 2257 Caesarem

115 2279 213 2340 mittit.
243 2278 358 2350 Caesar,
378 2299 443 2340 cum
465 2280 665 2342 constituisset
682 2279 811 2340 hiemare
829 2278 861 2341 in
880 2277 1039 2338 continenti
1054 2289 1176 2358 propter
1193 2285 1211 2336 4

115 2363 284 2443 repentinos
297 2363 401 2425 Galliae
411 2373 519 2439 motus,
533 2380 627 2445 neque
637 2364 762 2426 multum
772 2362 888 2446 aestatis
900 2371 1074 2442 superesset,
1089 2371 1175 2442 atque

116 2447 145 2509 id
159 2448 241 2510 facile
256 2449 366 2510 extrahi
380 2468 469 2528 pesse
483 2449 667 2528 intellegeret,
683 2446 799 2508 obsides
814 2447 938 2526 imperat
952 2446 1063 2525 etquid
1078 2447 1108 2506 in
1120 2464 1173 2508 an-

107 2530 172 2594 -nos
188 2533 319 2612 singulos
334 2533 477 2613 vectigalis
492 2535 602 2614 populo
617 2535 751 2596 Romano
766 2530 915 2592 Britannia
929 2531 1081 2611 penderet,
1101 2549 1174 2592 con-

117 2767 284 2820 blannszucbt
306 2777 382 2821 unter
405 2771 492 2820 seineu
513 2771 618 2834 eigenen
674 2767 778 2834 Comae,
795 2766 908 2818 insulem
926 2767 974 2818 ihm
992 2768 1033 2819 olio
1049 2767 1173 2818 Verwen·

117 2837 215 2888 Leuteu
227 2838 289 2888 biilt.
673 2837 739 2898 dung
755 2836 799 2886 des
817 2835 909 2886 Comm.
925 2834 967 2885 fur
983 2835 1110 2887 Annabme
1128 2836 1175 2885 der

151 2904 177 2954 2.
208 2922 243 2955 eae
263 2921 292 2956 eo
313 2905 381 2956 loco:
406 2906 448 2956 ubi
469 2907 619 2959 constiterat
674 2901 869 2954 Gesnndtscbuit
888 2903 928 2953 die
945 2902 1099 2966 Absendung
1115 2903 1174 2954 der-

118 2971 220 3024 Ceesur.
672 2972 760 3022 selben
771 2971 878 3036 mdglicb
890 2973 980 3022 maebt.

152 3039 177 3090 3.
211 3039 332 3119 oppidum
355 3040 421 3092 Bra‘t.
443 3047 537 3094 coemat
563 3047 618 3108 ete,
706 3039 732 3089 4.
752 3044 862 3107 propter
888 3055 942 3119 rep.
967 3037 1060 3092 Galliae
1079 3043 1173 3105 motus,

119 3123 182 3171 ganz
193 3123 244 3158 wie
257 3109 296 3158 die
310 3108 376 3159 Gall.
390 3110 398 3170 t
405 3109 428 3159 1.
440 3111 464 3174 5,
477 3110 516 3174 2),
529 3112 568 3161 die
580 3111 618 3162 als
674 3108 714 3158 die
732 3123 762 3158 er
774 3107 813 3158 bei
825 3109 899 3158 ibuen
912 3123 1000 3158 emmer
1011 3123 1045 3158 zu
1056 3107 1174 3159 bel'drcb-

118 3175 252 3238 belestigte
276 3173 453 3242 llriegsplittze
483 3195 531 3229 nur
553 3179 620 3230 Ver-
674 3183 716 3226 ten
728 3177 810 3239 butte,
827 3179 858 3226 ut
868 3179 931 3226 suat
943 3173 1073 3227 Gallorum
1089 3178 1175 3228 subita

118 3243 620 3310 sebanzuugeuinscbwerzugbnglichen
672 3248 699 3293 et
719 3246 853 3311 repentina
871 3243 975 3294 ceaulin
1003 3241 1026 3293 3.
1045 3243 1073 3306 8,
1095 3243 1119 3292 3.
1139 3269 1176 3284 -·

120 3309 245 3361 Wildern
257 3328 281 3361 u.
294 3310 413 3377 Siimpfen
429 3329 454 3362 u.
467 3313 512 3363 aui
521 3315 619 3378 Bergen
671 3311 700 3362 td
720 3311 781 3374 (non
797 3311 901 3380 madqrm
917 3311 1036 3372 aestatis)
1058 3311 1175 3360 eoetroki:

119 3377 238 3428 kanntcn.
672 3378 762 3428 ‘durch
774 3377 876 3440 Z'e'gern
888 3378 930 3427 bin
942 3378 991 3427 und
1003 3394 1035 3427 zu
1046 3377 1116 3426 Ende
1129 3393 1175 3440 ge-

152 3444 206 3514 2‘2‚
231 3462 259 3514 1„
277 3480 359 3532 supra
374 3465 438 3514 dm
456 3481 477 3515 ο,
492 3465 523 3514 14
547 3465 570 3516 1·
586 3494 621 3504 ,,
672 3443 895 3496 bracbtwerden!
920 3443 1173 3508 Son.c.1.32,3:

119 3531 332 3582 „ammam
344 3549 365 3582 Β,
381 3532 420 3595 11,
434 3533 458 3582 5*
524 3503 531 3529 '
673 3512 773 3564 dicendi
787 3527 862 3562 mora
878 3511 1110 3564 descendente.
1138 3511 1176 3562 Er

673 3580 812 3643 necatae,
830 3579 888 3630 dass
901 3579 985 3642 Cass,
1002 3593 1076 3628 wenn
1093 3595 1122 3629 er
1133 3579 1175 3630 ibn

153 3619 177 3673 2·
195 3637 283 3672 mm
294 3626 431 3702 uenissent.
450 3623 495 3673 ⁰5⁰
505 3623 621 3687 Stellunss
674 3647 855 3711 zuriiclrwiese,
868 3647 909 3696 ibn
922 3648 985 3696 noch
998 3661 1026 3696 so
1039 3646 1175 3698 beseuttti-

120 3689 165 3806 ges
196 3689 420 3766 Subreetswred.
444 3689 532 3754 11,1.
568 3691 621 3740 Der
674 3731 722 3780 ge„
744 3715 851 3777 kgmte,
874 3715 932 3764 gas,
953 3714 999 3763 (10,
1018 3713 1176 3765 kurzeRest

145 3758 208 3806 lund
225 3757 271 3806 del
281 3757 480 3821 V⁰l³¹¹⁵t0¹¹ffl¹5
491 3758 546 3807 ΜΡ
557 3759 620 3808 ”⁰⁰¹¹
673 3784 718 3833 des
731 3783 857 3833 Summers
870 3782 978 3832 dariiber
990 3781 1113 3844 bingelaen
1125 3783 1176 3834 und

121 3825 200 3874 ”fiber
211 3825 319 3889 liessen‘l’
335 3827 373 3876 ²¹¹⁸
386 3842 417 3877 ³¹¹
426 3826 503 3890 jener
514 3825 602 3876 smne·
674 3865 703 3900 er
712 3851 777 3900 daun
787 3849 862 3900 durch
873 3850 912 3899 die
921 3849 1175 3912 uugiinstigeWitte·

155 3914 179 3964 3.
203 3931 252 3984 per
262 3919 415 3968 Atrebatem
427 3916 582 3968 Curandum:
594 3915 619 3966 4.
673 3933 737 3980 rung
757 3933 788 3968 un
809 3919 855 3967 der
873 3916 1007 3968 Riickkebr
1031 3918 1176 3970 verbindert

123 3979 163 4047 12,
181 3983 204 4033 7.
227 4012 263 4022 -
285 3983 384 4060 lagatos
411 3988 533 4038 mittit
555 3999 620 4054 per
673 3985 891 4039 werdenkdnnte.

175 4064 255 4106 Caesar
268 4066 286 4112 1.
945 4068 976 4120 13
