2828 4480
562 335 622 402 an
637 344 760 398 rea-ro.
815 350 818 363 .

1084 425 1088 433 ,
1123 351 1197 418 rra

92 512 95 526 ·
184 531 186 538 v
222 509 275 570 εὖ.
304 501 391 562 'Cum'
406 501 437 562 in
462 500 600 562 omnibns
624 500 697 563 loeis
707 535 712 548 ,.
722 510 901 582 consumpta
914 503 972 564 ianr
991 488 1098 584 reliqna
1117 515 1202 586 parte

137 587 233 650 noctis
248 593 427 668 pugnaretur
440 602 616 665 semperque
629 586 765 647 hostibus
781 593 849 666 spes
869 588 1005 650 victoriae
1018 590 1199 670 redintegra-

79 733 87 742 ,
137 681 241 746 rotam„
252 689 287 733 eo
304 671 409 749 tnagis,
431 671 515 749 quod
526 672 645 733 dandos
660 671 777 750 pluteos
790 672 914 733 turrium
931 673 1066 735 videbant
1085 685 1139 735 net
1154 679 1202 738 ia-¹

138 757 190 819 dle
208 758 287 820 adire
306 764 423 836 apertos
449 756 486 816 ad
506 756 708 817 auxiliandum
720 757 998 831 animadvertebant,
1025 777 1204 840 semperque

136 843 194 922 ipsi
213 851 343 903 recentes
363 841 491 902 defessis·
505 841 699 902 succederent·
713 857 889 922 omnemque
905 843 1011 904 Galliae
1023 843 1152 912 ⁴salutem
1167 845 1205 906 in*

136 927 184 988 iiio
205 927 325 1006 vestigio
348 925 490 1004 temporis
517 926 643 1006 positam
664 926 886 1000 arbitrarentur,
906 927 1010 1002 adddit·
1029 930 1198 1009 inspectura

135 1012 214 1073 tibus
234 1011 333 1083 nobis,
358 1011 436 1090 quod
456 1011 576 1089 dignum
597 1011 738 1071 memoria
757 1011 851 1072 risum
871 1015 1115 1092 praetereundum
1135 1031 1197 1076 nan

136 1095 373 1158 existimavimus.
407 1095 530 1168 Quidam
557 1101 623 1156 ante
646 1103 761 1174 portem
783 1096 883 1175 oppidi
903 1097 1000 1160 Gallus
1020 1119 1075 1178 per
1091 1115 1232 1164 manusb

137 1181 196 1243 scri
211 1201 244 1242 ae
257 1182 332 1260 picis
346 1181 464 1241 traditas
480 1180 576 1259 glebas
591 1180 733 1259 inignem
753 1181 904 1260 oregione
918 1183 1007 1245 turris
1022 1184 1196 1262 proiciebat:

137 1266 294 1346 scorpione
323 1265 358 1326 ab
387 1266 474 1326 latere
503 1266 604 1326 dextro
630 1264 769 1326 traiectus
798 1267 1035 1348 exanimatusque
1061 1269 1195 1330 concidit.

136 1351 222 1412 Hune
240 1369 274 1412 er
293 1351 434 1432 proximis
459 1367 536 1410 nnus
560 1350 700 1410 iacentem
722 1349 928 1428 transgressus·
941 1354 1044 1414 eodem
1064 1353 1111 1414 illo
1128 1373 1195 1415 mu·
1216 1366 1232 1416 3

137 1453 206 1498 nare
225 1437 409 1515 fungebatur,
429 1435 529 1496 eadem
549 1435 663 1494 ratione
682 1433 742 1495 ietu
757 1435 923 1514 scorpionis
939 1435 1100 1502 exanimato
1117 1438 1197 1498 alteri

137 1523 275 1582 successit
288 1521 390 1582 tertius
411 1527 440 1579 et
453 1519 538 1580 tertio
554 1527 687 1598 quartus,
706 1537 761 1578 nec
775 1519 863 1603 prius·
873 1519 920 1580 ilic
935 1529 979 1580 est
994 1541 1010 1580 a
1025 1540 1195 1600 propugna-
1217 1533 1234 1582 4

136 1607 249 1667 toribus
268 1623 375 1666 monus
390 1604 506 1664 relictus
525 1604 620 1675 iocus,
641 1612 727 1682 quam
742 1603 881 1664 restincto
897 1623 1000 1683 aggere
1015 1614 1101 1686 atque
1116 1605 1205 1666 omni

137 1711 172 1752 ex
186 1697 268 1771 parte
283 1688 439 1751 summotis
454 1688 589 1748 hostibus
605 1687 678 1747 finis·
687 1696 732 1748 est
746 1688 899 1766 pugnandi·
910 1691 1011 1750 iactus.

222 1781 275 1842 26.
309 1773 414 1834 Omnia
433 1773 543 1852 experti
564 1767 646 1846 Gabii,
665 1772 751 1851 qnod·¹
763 1791 810 1833 res
829 1773 906 1834 nulia
922 1783 1116 1848 successerat,
1140 1793 1197 1854 po-

137 1868 216 1920 stero
237 1860 284 1920 die
303 1857 457 1919 consilium
478 1865 617 1938 oeperunt
636 1875 670 1918 ex
690 1857 800 1936 oppido
821 1859 988 1937 profugere,
1016 1859 1151 1921 hortante
1170 1869 1198 1921 at
1281 1930 1290 1940 .

135 1945 254 2005 iubente
264 1943 505 2022 Vercingetorige.
539 1943 570 2003 ld
591 1943 704 2004 silentio
719 1943 814 2004 noctis
831 1943 926 2004 conati
947 1961 1133 2022 nonmagna
1153 1945 1195 2006 ia·
1216 1941 1245 2008 2'

138 2036 218 2090 utura
238 2045 361 2090 suornm
377 2047 441 2088 sese
461 2029 614 2090 effecturos
635 2028 804 2107 sperabant,
831 2036 986 2107 propterea
1006 2030 1084 2108 quod
1103 2047 1198 2109 neque

135 2114 223 2191 longe
242 2114 277 2186 ab
297 2113 406 2192 oppido
429 2120 521 2174 castra
541 2113 781 2192 Vercingetorigis
803 2112 933 2189 aberant,
959 2125 989 2175 et·
1006 2115 1103 2193 palus,
1124 2134 1197 2194 quae

136 2205 276 2279 perpetua
290 2197 494 2272 intercedebat,
509 2197 660 2260 Romanos
677 2197 714 2258 ad
728 2197 940 2276 insequendum
952 2199 1093 2260 tardabat.
1118 2199 1196 2260 lam·
1218 2209 1233 2259 3

138 2368 183 2418 das
201 2366 468 2416 selbstverst'airdiicbe
486 2365 583 2416 Obiect.

172 2425 225 2483 25.
254 2434 275 2482 l.
297 2433 380 2500 plutei
399 2433 453 2482 siud
475 2434 530 2482 bier
550 2435 639 2484 brust-

136 2502 252 2568 wahren,
264 2501 447 2550 Scbutzwiiude
459 2515 491 2550 an
501 2502 548 2550 deu
557 2501 639 2551 Tbiir-

136 2585 203 2632 men,
221 2571 261 2619 die
273 2585 331 2618 zum
343 2567 453 2618 Schutze
465 2569 511 2618 der
522 2567 568 2618 nui
577 2569 639 2618 den-

693 2374 827 2430 getragcn,
845 2367 964 2416 bedentet
979 2367 1052 2416 eiucu
1065 2367 1196 2422 einzelnen
1280 2375 1285 2388 ·

692 2433 775 2483 Punkt
792 2435 838 2483 der
855 2433 925 2494 zeb,
944 2433 1017 2483 einen
1030 2434 1196 2496 Augenblick.

693 2500 784 2550 Reides
808 2501 954 2552 verbunden
976 2499 1026 2549 Cic.
1049 2501 1073 2550 iu
1094 2500 1146 2550 Pis.
1169 2499 1197 2551 9:

693 2568 781 2618 eodem
798 2573 824 2618 et
838 2569 887 2620 loci
901 2570 1009 2632 teatigt'u
1027 2572 1054 2617 et
1065 2571 1197 2636 tempores.

137 2637 224 2688 selben
241 2636 405 2702 hampiendcn
423 2635 542 2685 Sotdateu
560 2651 638 2699 unge-

134 2705 225 2754 bracht
240 2719 334 2754 waren.
364 2706 450 2770 aperti
465 2703 519 2752 siud
531 2703 585 2752 uiso
598 2704 639 2753 die

136 2773 206 2822 nicht
221 2773 291 2822 mehr
304 2773 380 2820 durch
394 2771 573 2820 brustwebren
587 2770 638 2821 Ge-

136 2839 253 2890 decirten.
281 2839 458 2904 (Audcrwiirts
484 2838 539 2888 siud
557 2839 642 2906 plutei

135 2907 290 2970 bewegiiche
308 2907 507 2966 Scbntzdticber‚
530 2921 549 2956 s.
568 2907 593 2956 B.
611 2907 638 2956 C.

134 2971 263 3038 liriegsw.
276 2973 342 3040 530.
355 2975 386 3037 l.)
399 3001 432 3011 -
444 2974 640 3039 neefneiieudt'-

135 3059 165 3095 re
176 3043 411 3094 animadvertebant
425 3063 459 3084 =
471 3049 498 3091 et
508 3043 639 3106 animadv,

136 3127 185 3160 non
208 3110 280 3161 iaciie
301 3111 379 3160 adire.
413 3107 499 3161 Neue
519 3110 641 3163 vertbeilt

135 3180 176 3229 die
201 3180 227 3227 in
250 3179 299 3227 ihm
320 3179 434 3240 liegende
452 3125 529 3226 {irath
551 3178 588 3227 ost
608 3193 639 3227 an

135 3247 201 3297 zwei
217 3246 306 3309 Siitze,
328 3261 356 3295 so
374 3247 432 3294 dass
450 3249 475 3296 et
491 3259 547 3293 zurn
565 3246 639 3294 iiber-

136 3315 306 3378 georduetcu‚
328 3329 380 3363 non
401 3327 456 3362 zum
472 3314 640 3374 untergeord-

136 3390 211 3433 neten
225 3382 285 3432 Satz
295 3383 397 3444 gebtirt,
419 3380 458 3428 die
471 3379 565 3445 Copula
576 3380 639 3445 uiso,

136 3451 177 3500 die
208 3451 280 3500 einen
312 3463 393 3498 neuen
429 3447 566 3511 Hauptsatz
594 3463 640 3496 an-

136 3517 236 3582 hniipit,
253 3518 298 3567 mit
314 3518 360 3566 der
372 3530 427 3564 zum
440 3515 640 3576 untergeordne-

136 3593 179 3635 ten
201 3585 263 3635 Satz
285 3585 421 3646 gebdrigeu
440 3581 564 3644 Negatiou
580 3598 640 3632 ver-

135 3651 234 3702 bunden
252 3653 294 3703 ist.
318 3651 372 3700 Liv.
390 3651 413 3698 i.
432 3648 496 3711 9,1:
520 3647 644 3700 Conantes

134 3723 160 3771 r‘n
184 3721 307 3771 Hernicos
336 3720 479 3769 coercitum
501 3715 640 3782 damnent,

43 3831 46 3836 .
135 3805 216 3854 nepeta
227 3792 335 3838 inventia
349 3787 465 3835 hostibus
475 3783 641 3834 Ferentinum

135 3860 163 3906 ci
173 3861 297 3922 ceperunt
307 3878 341 3898 =
354 3860 392 3916 et,
411 3867 458 3900 non
473 3852 582 3900 inventis
595 3853 641 3901 bo-

136 3925 231 3986 stibus,
252 3923 311 3972 Fer.
328 3923 354 3972 vi
371 3925 499 3985 ceperunt.
514 3945 547 3955 —
565 3923 642 3970 cesta·-

133 3995 208 4056 gt'urn
220 4007 278 4041 vom
289 3990 383 4043 Ranrne
395 3987 441 4038 aui
449 3988 488 4038 die
499 3985 558 4037 Zeit
566 3987 642 4037 iiber-

727 2634 751 2684 2.
778 2651 827 2702 per
853 2652 960 2688 manna:
994 2651 1043 2686 von
1072 2635 1142 2686 iiond
1166 2651 1199 2686 zu

693 2703 773 2752 Hand.
790 2702 814 2752 6.
833 2702 874 2766 33,
892 2704 916 2754 4.
932 2731 966 2739 -
983 2706 1084 2770 scorpio
1096 2705 1130 2753 ist
1142 2702 1198 2752 eine

694 2770 837 2836 Catapulta,
850 2772 896 2821 mit
907 2769 1018 2820 welcher
1029 2770 1109 2821 Pieile
1122 2770 1198 2836 abga-

694 2839 943 2892 scbosseuwerden.
967 2838 993 2888 S.
1008 2838 1035 2888 B.
1053 2837 1079 2888 C.
1092 2836 1198 2901 liriegs-

694 2905 1002 3040 tv033p51e1.rffm
1035 2973 1088 3022 Der
1104 2972 1197 3023 infinit.

695 3041 836 3092 chersoni
856 3031 1199 3106 ,finaehdemSinnederhe-

695 3111 840 3172 densartf=
855 3111 1041 3160 constituerunt
1054 3107 1198 3175 profugere.

695 3177 795 3227 Eheoso
813 3180 873 3228 nach
886 3178 1019 3228 consilinm
1031 3182 1084 3228 est:
1104 3176 1154 3226 Cic.
1167 3176 1199 3226 ad

694 3245 749 3295 Att.
763 3247 786 3309 5,
800 3247 827 3294 5:
847 3246 1199 3312 coneilimrtcetereapectnre.

694 3312 751 3362 Liv.
770 3313 792 3362 1.
810 3312 851 3376 27,
869 3313 897 3363 d:
916 3313 1049 3364 consilium
1060 3313 1199 3362 erat-in-

695 3380 789 3431 clinare
797 3383 879 3438 terea·
891 3381 1003 3443 dagogen
1013 3378 1054 3427 33.
1066 3378 1088 3443 6,
1099 3378 1126 3426 8:
1139 3393 1199 3426 con-

695 3448 846 3512 sdiumsnr't
857 3446 1002 3498 accedendi.
1024 3443 1087 3510 Nep.
1100 3444 1161 3510 Lys.
1174 3443 1199 3506 3,

698 3514 724 3562 1:
741 3517 814 3564 iniit
826 3515 974 3576 contritio,
986 3529 1063 3578 reges
1074 3511 1201 3562 Lacedae·

695 3585 841 3696 mnniot2nnm
854 3582 949 3633 toliere.
974 3581 1001 3631 S.
1014 3579 1097 3630 Madv.
1109 3577 1126 3643 ξ
1139 3576 1199 3627 41ἵ.

696 3650 768 3698 Auru.
799 3685 806 3698 .

730 3716 754 3766 2.
773 3720 865 3768 conati.
891 3717 917 3767 S.
930 3733 962 3766 zu
975 3717 999 3765 5.
1014 3715 1055 3779 39,
1068 3714 1096 3762 4:
1115 3713 1204 3781 adopto*

696 3783 863 3849 confidebant.
880 3813 915 3822 -
931 3801 1011 3849 neque
1021 3811 1055 3820 -
1068 3787 1103 3832 et:
1122 3780 1164 3847 20,
1176 3781 1200 3830 4.

695 3879 729 3888 -
739 3857 865 3919 perpetuo
875 3851 1054 3903 intercedebat.
1075 3850 1199 3912 Dodurob,

696 3922 754 3970 dass
775 3925 901 3988 perpetua
924 3921 948 3969 iu
973 3921 1020 3969 den
1042 3917 1210 3968 Relativsatn

695 4003 808 4051 gezogen
837 3989 883 4053 ist,
912 3988 974 4038 wird
1002 3989 1048 4038 der
1071 3985 1202 4048 Umstand,

947 4071 999 4123 ts*
1092 4093 1096 4101 ·
