2798 4482
549 341 595 396 iv.
616 345 733 398 ie-io,
1114 350 1172 411 161

114 495 216 557 tendit.
245 496 363 557 Interim
386 515 402 558 a
417 497 619 577 compluribus
635 498 795 558 civitatibus
810 499 845 559 ad
861 517 928 559 eum
943 499 1027 578 legati
1041 500 1174 575 veniunt3
1195 514 1211 563 3

115 581 221 660 quibus
248 599 350 659 pacem
375 589 460 661 atque
485 581 639 643 amicitiam
665 583 829 661 petentibus
852 583 1005 644 liberaliter
1023 584 1175 663 respondit

116 665 290 744 obsidesque
315 666 399 726 adse
420 665 523 726 adduci
541 666 628 727 iubet.
663 667 817 745 Sugambri
836 687 871 728 ex
890 686 925 729 eo
945 676 1089 747 tempore,
1115 689 1173 748 quo
1194 679 1211 728 4

114 768 191 830 pons
212 750 325 811 institui
341 758 461 830 coeptus
477 758 535 825 est,
550 753 618 830 luga
638 759 804 830 comparata
824 752 1009 813 hortantibus
1028 753 1078 824 iis,
1097 771 1172 832 quos

113 853 149 896 ex
164 835 313 896 Tencteris
329 843 414 914 atque
429 835 596 914 Usipetlnus
612 836 691 916 apud
706 855 738 896 se
752 836 905 910 habebant,
920 837 1029 897 finibus
1045 837 1106 898 suis
1122 857 1173 898 ex-

115 927 262 994 cesserant
288 938 397 998 suaquc
418 921 516 981 omnia
536 929 756 1000 exportaverant
775 939 864 999 seque
883 920 914 980 in
934 921 1122 982 solitudinem
1141 941 1175 982 ac

114 1005 199 1064 silvas
215 1004 391 1064 abdiderant.

200 1093 251 1154 19.
284 1088 388 1149 Cacsar
402 1107 511 1167 paucos
527 1089 587 1150 dies
603 1089 633 1150 in
648 1107 751 1150 eorum
766 1089 873 1150 linibus
888 1097 1020 1150 moratus
1036 1090 1173 1152 omnibus

113 1172 182 1232 vicis
197 1173 392 1252 aedificiisque
405 1173 532 1234 incensis
548 1175 759 1252 frumentisque
773 1173 895 1234 succisis
911 1193 943 1234 se
953 1173 983 1232 in
995 1175 1068 1234 lines
1081 1173 1173 1235 Ubio-

112 1275 179 1317 rnm
194 1258 310 1336 recepit,
325 1264 410 1336 atque
424 1257 460 1317 iis
476 1257 614 1318 auxilium
629 1277 718 1336 suunq
732 1258 885 1336 pollicitus,
901 1257 926 1318 si
937 1258 972 1319 ab
985 1258 1088 1319 Suebis
1104 1278 1173 1338 pre·

113 1349 275 1415 merentur,
294 1342 366 1402 haec
380 1342 416 1402 ab
430 1342 465 1402 iis
481 1343 630 1420 cognovit:
653 1342 780 1416 Suebae,
799 1350 989 1421 posteaquam
1004 1361 1057 1420 per
1071 1344 1172 1422 explo—
1192 1358 1209 1408 2

112 1432 225 1485 ratores
237 1433 357 1504 pontem
371 1427 434 1487 fieri
450 1427 671 1506 comperissent,
686 1445 770 1487 more
781 1445 835 1486 suo
849 1426 971 1486 concilio
982 1425 1082 1486 habito
1093 1445 1172 1488 nun-

112 1509 169 1569 tios
182 1509 213 1568 in
225 1528 328 1570 omnes
340 1518 437 1588 partes
449 1511 603 1584 dimisisse,
614 1510 656 1572 uti
668 1510 703 1570 de
715 1511 832 1590 oppidis
842 1510 1045 1588 demigrarent,
1056 1510 1172 1586 liberoS,

112 1612 222 1654 uxores
235 1613 344 1673 suaque
360 1595 456 1656 omnia
468 1595 498 1654 in
510 1595 588 1655 silvis
600 1596 788 1673 deponerent,
804 1601 890 1672 atque
902 1611 1015 1664 omnes,
1031 1594 1080 1672 qni
1092 1613 1173 1656 arma

113 1678 187 1738 lerre
205 1686 343 1756 possent,
363 1697 456 1740 unum
471 1679 614 1740 inlocum
630 1679 832 1740 convenirent:
854 1678 934 1737 hunc
948 1697 1013 1738 esse
1028 1678 1172 1740 delectum
1193 1687 1208 1738 3
1300 1715 1304 1723 ·

112 1761 240 1822 medium
256 1765 314 1824 lere
328 1763 482 1840 regionum
497 1781 606 1836 earnm,
622 1783 693 1842 quas
708 1763 797 1824 Suebi
812 1761 987 1824 obtinerent:
1002 1762 1051 1822 hic
1061 1762 1172 1824 Roma·
1199 1789 1202 1798 ·

111 1863 220 1907 norum
249 1847 403 1908 adventann
434 1856 600 1926 exspectare
629 1855 715 1926 atque
740 1847 779 1907 ibi
804 1847 950 1909 decertare
975 1847 1171 1909 constituisse.

112 1930 199 2002 Quod
214 1931 264 1992 ubi
279 1932 384 1992 Caesar
400 1932 555 2010 comperit,
571 1932 708 1992 omnibus
723 1932 810 1993 rebus
825 1931 860 1991 iis
877 1931 1031 2004 conlectis,
1047 1949 1171 2009 quarum
1191 1941 1208 1991 4

111 2033 209 2076 rerum
231 2035 317 2076 causa
331 2017 482 2080 traducere
497 2016 654 2078 exercitmn
669 2016 871 2085 constituerat,
892 2022 924 2075 ut
939 2015 1091 2076 Germanis
1107 2035 1171 2077 mc-

111 2107 173 2161 tum
190 2100 317 2174 iniceret,
332 2108 364 2161 ut
377 2101 558 2180 Sugambros
573 2101 771 2174 ulcisceretur,
787 2109 819 2162 ut
829 2100 921 2161 Ubios
934 2099 1087 2160 obsidione
1099 2100 1171 2162 bbe-

112 2192 200 2258 raret,
221 2184 323 2245 diebus
343 2185 464 2247 omnino
487 2187 585 2247 decem
605 2194 634 2246 et
653 2194 718 2246 octo
734 2194 815 2246 trans
829 2185 966 2246 Rhenum
987 2185 1171 2264 consumptis

112 2269 182 2329 satis
209 2277 237 2330 et
263 2270 300 2329 ad
318 2269 433 2330 laudem
455 2279 482 2331 et
502 2271 537 2330 ad
556 2270 707 2331 utilitatem
726 2271 892 2352 proiectum
912 2268 1068 2329 arbitratus
1088 2287 1120 2330 sc
1140 2270 1172 2329 in

111 2352 230 2414 Galliam
244 2354 354 2432 recepit
367 2364 545 2433 pontemque
558 2355 685 2416 rescidit.
1139 2365 1143 2374 “

143 2554 168 2605 3.
191 2555 344 2606 liberaliter:
364 2557 446 2620 36113,
464 2555 611 2619 1666661161,
665 2571 839 2607 cumeorum.
858 2551 1171 2618 6.13,10:rega'ototius

108 2623 157 2672 wie
170 2623 194 2672 2.
208 2623 232 2686 5,
248 2622 269 2673 1.
293 2623 321 2672 Β.
335 2622 361 2672 C.
375 2623 398 2674 3.
413 2623 474 2687 164,
490 2623 511 2672 1.
524 2652 557 2660 -
570 2639 612 2674 re-
668 2622 762 2674 Galltae
773 2622 872 2680 medio5
885 2621 954 2671 nicht
965 2636 997 2670 zu
1009 2621 1170 2684 vergleicben

110 2691 334 2770 spondit-iubet.
347 2691 499 2754 Nachjener
507 2690 611 2740 1666661-
665 2691 712 2740 mit
725 2689 746 2739 1.
760 2689 801 2754 34,
816 2689 838 2738 l.

109 2758 318 2809 ltchenAntwort
332 2759 610 2824 (derllaupthnndlung
700 2757 725 2806 4.
751 2760 828 2808 rebus
844 2782 880 2794 -
896 2771 1006 2822 quorum
1022 2771 1123 2806 rerum:
1147 2757 1170 2807 1.

109 2825 149 2874 die
160 2841 190 2874 er
200 2826 307 2889 erziihlt)
319 2825 426 2888 lolgtnls
434 2826 611 2875 6166666666-

8 2888 17 2904 ”
109 2892 183 2942 clercs
201 2893 241 2943 die
258 2892 407 2956 Forderung
423 2909 473 2942 von
486 2891 611 2956 Geisseln,

109 2960 205 3009 welche
223 2959 361 3023 ’16666663
381 2962 427 3010 der
447 2961 611 3023 Handlungen

109 3026 186 3077 durch
209 3028 257 3076 den
278 3027 399 3078 Weohsel
423 3029 468 3078 der
488 3027 613 3093 Tempora

108 3095 217 3158 pnssend
229 3095 377 3145 bezeichnet
388 3096 458 3145 wird.
473 3096 529 3145 S.5.
541 3095 581 3159 49,
588 3095 611 3144 6.

141 3161 167 3211 4.
184 3165 299 3213 ahrtitad:
308 3162 436 3226 errichtet,
447 3162 612 3214 erbautwcr-

109 3229 164 3278 den.
184 3229 256 3291 5.11,
266 3229 291 3279 4.
302 3229 374 3292 62,2.
386 3255 421 3266 --
428 3231 532 3294 fugarit
543 3246 612 3281 ecm-

107 3311 204 3362 parare
215 3297 274 3347 wir:
293 3297 344 3347 sich
362 3312 409 3346 zur
421 3297 513 3348 Flucht
524 3298 611 3347 riistcn

112 3365 152 3425 (ae
168 3363 204 3413 ad
210 3365 313 3429 sugam
329 3379 410 3432 eornp.
433 3364 489 3414 Liv.
502 3364 543 3425 38,
556 3364 611 3428 33),

109 3431 212 3494 6136611.
233 3432 275 3482 die
291 3432 330 3482 Fl.
344 3433 465 3482 zuriisten
488 3432 511 3480 d.
524 3433 547 3482 h.
567 3433 614 3494 das,

109 3513 156 3548 zur
167 3497 207 3548 Fl.
224 3498 332 3561 Niithige
350 3500 374 3549 in
387 3497 553 3548 bercitschnlt
569 3514 611 3550 se-

109 3571 176 3616 tzen.
189 3567 214 3615 l.
227 3567 268 3628 61,
279 3566 306 3614 4:
315 3568 379 3632 sog.
390 3582 494 3633 parare.
504 3593 538 3602 —-
547 3582 610 3631 quor

106 3633 600 3768 *dur,laetataque1

126 3805 157 3884 '2
170 3852 195 3886 6.
211 3834 234 3885 3.
255 3835 491 3900 6666661166,61.·
503 3851 524 3885 c.
538 3834 576 3897 ll,
587 3835 612 3885 6.

109 3899 133 3950 3.
147 3903 175 3966 5,
190 3901 215 3951 3.
229 3930 264 3938 —
277 3903 343 3953 hooc
358 3903 397 3952 als
415 3903 516 3953 solchen
533 3903 613 3966 Plasta,

108 3967 296 4034 Sammelpunkt
302 3970 394 4035 (61666).
408 3969 521 4022 aredium
529 3972 616 4036 regio-

161 4051 240 4095 Caesar
253 4051 271 4096 1.

666 2823 690 2889 6,
699 2824 793 2874 1.-61
804 2827 947 2874 —inr’ceret
958 2840 983 2872 u.
994 2839 1014 2872 s.
1025 2837 1057 2873 w,
1068 2823 1170 2890 116666-

666 2907 738 2957 gese,
754 2893 803 2942 wie
822 2891 886 2955 1.5,
902 2890 923 2940 1.
953 2891 1000 2940 1116
1017 2889 1171 2942 Wiederho·
1205 2909 1209 2915 ·
1302 2877 1313 2886 ’

667 2960 727 3022 1663
739 2975 789 3017 von
801 2963 832 3009 ut
844 2958 1019 3024 (Anaphora),
1031 2959 1078 3008 wie
1092 2958 1115 3008 1.
1130 2959 1170 3025 19,

670 3027 681 3076 1
696 3027 771 3093 quod.
783 3055 817 3063 —
830 3027 974 3077 ebulliens.-
990 3026 1169 3091 Bedr'dngniss,

666 3094 760 3145 Druck.
785 3094 810 3144 S.
824 3110 846 3144 6.
859 3092 883 3158 3,
895 3094 921 3143 4.
937 3093 977 3158 16,
987 3093 1171 3145 5.-661166-

666 3162 732 3212 deao.
755 3161 933 3226 S.zu1'l,1.
955 3189 989 3198 -
1001 3163 1168 3277 profectum:

666 3231 765 3294 gethan,
778 3244 926 3292 gewonnen.
945 3229 969 3277 1.
984 3227 998 3277 6
1017 3265 1024 3292 ,
1038 3229 1066 3277 4:
1080 3229 1115 3279 od
1122 3245 1170 3298 po·

666 3296 987 3414 eerppqqiqrpeplqppcho‘ffl
1013 3363 1104 3412 cinmal
1127 3364 1168 3412 die

667 3431 786 3494 Griinde,
809 3431 848 3479 dic
867 3445 897 3478 er
914 3429 1006 3492 gehabt
1022 3430 1108 3490 hatte,
1126 3445 1167 3478 um

666 3499 721 3548 dem
733 3513 764 3548 66
778 3498 829 3546 sich
842 3497 1049 3546 unbedentenden
1061 3495 1167 3559 Erlolge

665 3565 809 3628 3636611666
837 3563 891 3613 sein
915 3562 1099 3613 Unternehmen
1128 3564 1167 3612 als

665 3634 790 3696 36166366
803 3630 982 3680 derznstellen.
1001 3629 1055 3678 1166
1068 3630 1167 3680 866666

665 3701 690 3762 16
711 3699 891 3754 ihreWiilder
906 3713 938 3746 zu
954 3697 1051 3760 161366,
1071 3705 1167 3747 musste

664 3767 812 3817 bedenklich
833 3765 962 3828 scheincn,
984 3764 1032 3812 wie
1054 3780 1081 3814 es
1103 3765 1167 3814 dcun
1256 3793 1258 3800 ι

667 3834 807 3899 iiberhanpt
818 3832 931 3894 weniger
942 3829 989 3882 661
998 3831 1069 3880 61666
1080 3830 1166 3895 116163,

667 3902 706 3950 als
718 3899 763 3950 anf
773 3901 828 3950 cine
840 3899 1043 3949 Demonstration
1061 3899 1167 3963 abgesc-

668 3969 716 4018 hen
732 3983 794 4018 war.
817 3966 1016 4021 Uebcrtreibend
1033 3967 1103 4018 Suet.
1121 3966 1167 4018 lul.

937 4051 965 4102 11
