2816 4468
581 304 632 376 pu
650 303 758 362 namo
776 301 919 354 cituco

224 307 287 372 302

224 467 326 522 contra
349 467 443 520 mstra
460 457 579 522 Labieni
604 466 686 520 eraut
710 457 814 530 relicti,
839 475 909 522 cum
925 456 1070 536 proelium
1090 458 1288 522 commissum

218 544 386 619 audissent,
411 543 543 604 subsidio
563 541 625 604 suis
643 542 739 604 iemnt
757 542 920 620 collemque
939 550 1089 620 ceperim,
1112 559 1209 622 neque
1227 562 1288 606 no·
1390 591 1391 618 ,

187 643 203 693 9
223 637 354 690 suanm
379 629 504 691 militum
529 627 673 688 victorum
697 627 840 707 impetum
865 625 1009 688 sustinere
1028 635 1196 706 potuerunt.
1235 629 1289 690 Sic

223 733 290 774 cum
305 714 367 774 suis
380 713 558 792 fugientibus
574 712 722 792 permixti,
742 730 816 790 quos
835 729 897 770 non
912 711 998 772 silvae
1012 720 1187 790 montesque
1201 721 1285 774 texe·-

138 861 143 868 s
171 811 202 862 10
222 808 303 872 runt,
323 798 359 858 ab
374 798 502 877 equitatu
516 805 585 858 suut
599 797 749 858 interlecti.
776 796 841 856 Hoc
855 797 972 873 negotio
988 797 1120 858 conlecto
1135 797 1285 859 Labienus

221 883 375 946 revertitur
399 883 570 961 Agedicum,
594 883 645 942 ubi
670 881 877 960 impedimenta
901 881 991 941 totius
1017 881 1159 942 exercitus
1186 883 1286 946 relicta

221 978 316 1030 erant:
331 968 399 1028 inde
414 985 481 1028 cum
496 967 632 1028 omnibus
642 966 740 1044 copiis
756 966 792 1026 ad
807 964 960 1026 Caesarem
974 965 1112 1044 pervenit.

307 1057 360 1118 63.
392 1051 558 1112 Defectione
571 1051 759 1111 Haeduorum
774 1049 887 1126 cognita
902 1050 1155 1128 bellum-augetur.
1188 1051 1285 1133 Legaff

183 1143 199 1192 2
221 1137 316 1198 tiones
331 1137 363 1196 in
378 1154 482 1196 omnes
497 1144 594 1214 partes
610 1135 889 1196 circummittuutur:
905 1142 1047 1212 quantum
1061 1135 1163 1212 gratia,
1179 1144 1283 1197 aucto-

184 1228 199 1278 3
220 1222 335 1294 ritate,
346 1221 469 1299 pecunia
483 1220 589 1293 valent,
615 1221 652 1280 ad
671 1219 868 1280 sollicitandas
888 1219 1014 1279 civitates
1033 1220 1179 1293 nituntur3
1204 1221 1284 1282 nacti

221 1306 350 1379 obsides,
365 1325 440 1384 quos
456 1305 560 1366 Caesar
574 1305 651 1384 apud
666 1324 717 1366 eos
732 1306 923 1383 deposuerat,
941 1304 1050 1364 horum
1065 1305 1209 1384 supplicio
1226 1306 1283 1366 du-

183 1397 199 1446 4
220 1389 345 1451 bitantes
360 1391 500 1451 territant.
534 1389 640 1450 Petunt
654 1409 671 1450 a
686 1389 918 1468 Vercingetorige
933 1388 1058 1463 Haedui,
1079 1399 1113 1450 ut
1132 1390 1169 1449 ad
1183 1409 1216 1450 se
1230 1409 1282 1450 ve-

183 1481 198 1530 5
219 1474 280 1536 niat
299 1475 486 1554 rationesque
505 1475 571 1536 belli
592 1475 710 1552 gerendi
729 1473 934 1536 communicet.
970 1475 1013 1534 Re
1033 1475 1186 1553 impetrata
1207 1493 1282 1536 con-

180 1605 185 1612 .
218 1560 352 1634 tendunt,
367 1569 399 1620 ut
413 1560 486 1640 ipsis
502 1579 616 1620 summa
631 1559 746 1639 imperii
756 1560 898 1632 tradatur,
913 1565 942 1617 et
956 1577 987 1618 re
1002 1559 1033 1618 in
1048 1559 1281 1620 controversiam

219 1645 340 1706 deducta
355 1646 444 1706 totius
460 1644 566 1706 Galliae
581 1645 736 1706 concilium
750 1644 883 1704 Bibracte
897 1643 1045 1704 indicitur.
1076 1644 1191 1704 Eodem
1205 1661 1281 1706 cou-

159 1760 163 1771 ·
182 1737 198 1788 6
218 1730 337 1790 veniunt
350 1731 479 1810 undique
498 1731 673 1808 frequentes.
706 1728 895 1789 Multitudinis
912 1728 1056 1806 suffragiis
1070 1747 1118 1788 res
1132 1728 1279 1807 permitti-

72 1843 77 1854 ‹
182 1821 196 1870 t
218 1821 279 1876 tur:
295 1815 332 1874 ad
345 1833 439 1876 unum
454 1833 557 1875 omnes
572 1813 837 1891 Vercingetorigem
851 1812 978 1893 probant
990 1813 1208 1891 imperatorem.
1233 1813 1278 1874 Ab

217 1900 277 1959 hoc
291 1899 414 1959 concilio
429 1899 527 1972 Remi,
541 1899 703 1976 Lingones
724 1897 841 1972 Treveri
860 1899 1005 1958 alueumt:
1031 1898 1086 1971 illi,
1107 1898 1187 1976 quod
1203 1898 1278 1958 ami-

218 1983 315 2065 citiam
329 1983 532 2044 Romanorum
550 1983 759 2061 sequebantur,
779 1982 909 2056 Treveri,
928 1983 1007 2061 quod
1027 1983 1145 2044 aberent
1159 1983 1278 2062 longius

215 2074 246 2126 et
270 2067 306 2126 ab
326 2067 480 2127 Germanis
499 2068 718 2145 premebantur,
745 2085 819 2145 quae
837 2067 892 2128 luit
911 2086 1009 2141 causa,
1034 2087 1123 2146 quare
1140 2076 1205 2128 toto
1225 2067 1291 2128 aba

109 2169 113 2176 ’
181 2157 197 2208 8
219 2158 317 2212 essent
336 2150 410 2211 bello
432 2159 461 2210 et
480 2151 590 2212 neutris
611 2151 715 2212 auxilia
733 2152 889 2212 mitterent.
922 2153 1026 2230 blagno
1047 2152 1148 2213 dolore
1166 2152 1279 2214 Haedui

217 2237 314 2296 lentot
334 2255 367 2296 se
388 2235 514 2296 deiectos
533 2236 714 2314 principatu,
734 2244 897 2315 queruntur
916 2238 1049 2298 fortunae
1070 2237 1278 2298 commutatio-

216 2338 284 2380 nem
304 2327 333 2380 et
347 2320 476 2382 Caesaris
490 2321 699 2399 indulgentiam
713 2322 744 2381 in
758 2341 789 2381 sc
804 2321 968 2399 requirunt,
987 2340 1081 2401 neque
1095 2330 1193 2382 tamen
1209 2341 1277 2383 sus-

180 2413 196 2464 9
217 2414 301 2486 cepto
321 2405 396 2466 bello
417 2424 503 2467 suum
523 2406 678 2467 consilium
697 2407 732 2468 ab
751 2406 870 2485 reliquis
887 2426 1022 2485 separare
1040 2408 1155 2468 audent.
1190 2407 1279 2468 Inviti

215 2509 347 2552 summae
367 2491 429 2568 spei
444 2492 658 2565 adulescentes,
678 2491 861 2570 Eporedorix
876 2503 904 2550 et
918 2491 1134 2565 Viridomarus,
1155 2491 1277 2553 Vercin-

215 2575 338 2654 getorigi
352 2583 464 2654 parent.

249 2727 274 2776 8.
292 2743 385 2793 raeque:
399 2727 421 2776 1.
435 2725 476 2790 36,
490 2727 504 2774 5
519 2727 553 2789 (l.
567 2726 609 2790 tt,
625 2727 658 2791 1).
773 2725 868 2776 l'cblen.

250 2783 303 2844 63.
340 2794 363 2843 1.
398 2799 525 2859 augetur:
553 2795 664 2858 gewinnt
687 2810 719 2844 on
808 2794 831 2844 6.
849 2795 975 2844 Murcum
987 2809 1088 2844 omues:
1106 2795 1130 2844 4.
1145 2795 1185 2858 15,
1198 2795 1224 2844 3.
1261 2795 1270 2801 “

216 2861 395 2924 Ausdelrnung.
416 2888 451 2898 -
470 2865 719 2912 circumciderentur.-
799 2863 831 2917 t.
849 2861 924 2912 Remi
932 2888 967 2898 -
983 2865 1121 2912 marotiam
1137 2861 1168 2913 u.
1185 2879 1275 2928 seque-

213 2943 264 2978 von
277 2930 324 2978 den
339 2929 465 2977 lliiduern.
773 2932 874 2979 duretur.
897 2929 923 2978 S.
942 2929 966 2978 5.
979 2929 1025 2993 54,
1037 2929 1062 2979 4.
1078 2959 1114 2966 -—
1130 2935 1184 2980 toto
1201 2933 1275 2980 abes-

250 2995 275 3044 2.
293 2999 427 3046 nituntur.-
440 2996 464 3045 4.
477 2995 518 3058 24,
531 2995 556 3044 4.
772 3001 830 3046 sent
852 3023 886 3031 -
908 3000 1047 3047 mitterent.
1077 2997 1275 3061 Urnscbreibung

247 3059 272 3111 3.
291 3077 354 3128 quor
368 3061 393 3111 C.
410 3063 481 3129 opud
492 3077 537 3112 eos
549 3060 717 3128 deposuerat:
772 3065 817 3114 des
829 3063 947 3126 Begriffs:
962 3066 1061 3114 neutral
1073 3065 1180 3115 bleibeo.

213 3145 235 3178 c.
248 3129 293 3191 55,
309 3129 344 3176 2.·
355 3157 389 3165 -
401 3129 537 3196 supplicio:
549 3131 625 3180 durch
637 3146 714 3194 ange·
806 3131 829 3180 8.
851 3132 960 3196 serunt,
986 3137 1129 3198 queruntur
1152 3161 1186 3169 -
1203 3137 1230 3182 et
1240 3160 1275 3170 -

171 3248 174 3257 ‚
213 3197 302 3246 drobte
315 3195 487 3259 llinrichtung.
769 3202 911 3264 requirunt.
936 3199 1007 3249 Aucb
1028 3202 1082 3250 bier
1098 3201 1210 3263 gehliren
1232 3201 1273 3250 die

245 3263 270 3313 4.
289 3267 451 3330 rationesque
463 3263 587 3330 belliger.
602 3280 716 3316 commu·

210 3336 287 3398 nicet,
307 3332 374 3382 nicht
390 3333 498 3382 sowohl:
516 3333 590 3381 ibncn
605 3333 715 3383 mittbei-

211 3400 263 3467 len,
285 3401 336 3450 als:
358 3401 398 3450 die
414 3399 456 3450 fiir
473 3401 512 3450 die
528 3397 715 3465 ltriegfiitrung

211 3485 244 3518 zu
273 3468 451 3531 ergreifenden
480 3467 638 3532 Mossregeln
669 3485 714 3533 ge-

210 3535 409 3586 meinsahattlioh
421 3536 548 3603 heraclea,
565 3537 591 3586 in
603 3539 714 3600 gemein-

211 3603 371 3657 sehaulieter
389 3605 531 3667 Beratbung
546 3605 593 3654 den
607 3603 713 3668 liriegs-

47 3671 50 3684 '
156 3719 157 3728 ,
210 3671 268 3736 plen
286 3670 434 3722 entwerl‘en.
458 3672 545 3734 Vergl.
564 3671 588 3720 6.
601 3671 630 3736 2,
644 3671 667 3721 3.
685 3674 713 3723 Β.

210 3739 238 3788 G.
255 3738 279 3788 2.
292 3739 315 3804 4,
330 3739 357 3788 5:
375 3755 518 3805 rursusque
533 3756 562 3790 se
577 3739 613 3790 od
627 3740 713 3806 corp‘li-

209 3808 324 3870 gendum
340 3811 425 3858 animo
442 3809 595 3872 confirmant
611 3811 638 3856 et
651 3823 713 3862 ‚cou-

210 3874 268 3923 cilia
284 3879 477 3925 communicent.
505 3873 598 3925 Secum
618 3875 712 3926 ltonntc

211 3941 273 3990 nach
294 3942 348 3991 dem
368 3943 517 4006 vorbergeb.
540 3943 575 3994 ad
589 3959 617 3994 ce
637 3943 723 4027 leicbt.

768 3267 858 3317 beiden
880 3267 957 3316 S'atze
979 3273 1123 3333 queruntur
1143 3273 1169 3318 et
1189 3272 1273 3334 reput-

768 3339 832 3386 runt
860 3349 1003 3385 zusammen
1031 3337 1082 3384 und
1111 3336 1196 3385 bilden
1224 3337 1273 3386 Eiu

770 3401 855 3479 Gbed,
873 3404 917 3453 das
934 3405 1095 3469 asyndetiscb
1113 3421 1144 3453 zu
1162 3404 1217 3453 dem
1230 3419 1272 3453 er-

769 3477 826 3520 sten
839 3471 905 3534 tritt,
924 3472 1008 3520 daber·
1014 3473 1060 3521 der
1073 3470 1204 3522 Gebrauclr
1220 3487 1271 3522 von

768 3543 794 3588 et
807 3539 881 3588 keine
897 3538 1038 3588 Ausnabme
1055 3555 1105 3593 von
1121 3541 1167 3589 der
1183 3538 1272 3602 Regel.

769 3606 794 3655 S.
814 3605 835 3654 1.
849 3604 891 3670 23,
906 3607 928 3656 1.
946 3623 1074 3657 -suum
1090 3607 1224 3658 corecc'lium
1240 3609 1271 3656 ab

768 3673 871 3739 reliquie
880 3691 932 3742 sep.
949 3675 1009 3725 Wie
1019 3675 1113 3725 labante
1123 3690 1151 3724 es
1160 3689 1273 3737 genaner

767 3742 883 3791 heleseo?
896 3742 919 3791 6.
932 3741 974 3806 22,
987 3741 1011 3791 4,

801 3809 825 3858 9.
845 3827 960 3862 summae
976 3813 1032 3878 spei
1041 3810 1083 3860 ud.
1100 3809 1226 3859 subiectiv
1237 3831 1286 3858 :a

767 3878 808 3942 qui
839 3894 957 3928 summam
991 3893 1060 3942 spem
1094 3885 1270 3942 conceperant,

765 3960 839 3995 wenn
863 3947 903 3996 die
927 3947 1029 3996 lldduer
1049 3946 1095 3994 den
1118 3944 1271 3996 Oberbelehl
