2798 4482
241 327 302 390 172
598 323 643 374 uu
660 323 769 376 sunno
788 323 930 376 clinico

239 478 366 542 terfectis
387 479 515 557 reliquos
533 469 652 538 incertis
672 476 823 539 ordinibus
839 477 1090 557 perturbaverant,
1111 478 1200 540 simul
1216 479 1299 558 equi-

155 605 159 610 ·
238 572 300 626 tatu
314 572 399 642 atque
414 563 525 624 essedis
541 561 799 624 circumdederant.
1388 627 1389 630 Ἴ

324 653 376 714 33.
410 647 508 708 Genus
527 649 585 706 hoo
604 654 649 706 est
667 666 702 706 er
721 647 832 708 essedis
853 665 976 726 pugnae.
1005 647 1106 708 Primo
1126 666 1180 726 per
1193 666 1299 708 omnes

238 741 336 812 partes
355 733 537 811 perequitant
556 738 584 792 et
604 731 658 790 tela
678 731 826 792 coniciunt
845 741 930 810 atque
944 733 1011 811 ipso
1027 740 1139 792 terrore
1154 751 1297 810 equorum

237 825 266 878 et
281 817 404 895 strepitu
414 829 545 878 rotarum
557 815 675 876 ordines
687 815 858 895 plerumque
868 817 1047 895 perturbent
1062 824 1168 878 etcum
1181 835 1214 890 se
1224 817 1299 877 inter

238 902 368 981 equitum
392 908 503 962 turmas
527 900 760 974 insinuaverunt,
786 921 821 960 ex
842 901 951 962 essedis
971 901 1107 962 desiliunt
1126 901 1298 981 etpedibus

200 999 217 1048 2
237 986 425 1066 proeliantur.
456 985 580 1062 Aurigae
594 983 709 1045 interim
724 985 864 1062 paulatim
878 1005 913 1046 er
927 985 1039 1064 proelio
1055 987 1198 1046 excedunt
1213 993 1300 1065 atque

238 1071 277 1132 ita
298 1089 401 1132 currus
422 1070 578 1143 collocant,
598 1077 642 1142 ut,
663 1069 689 1129 si
707 1069 748 1129 illi
769 1089 785 1130 a
805 1070 957 1131 multidine
971 1071 1103 1132 hostium
1118 1079 1297 1149 premantur,

200 1173 216 1222 3
238 1155 405 1234 expeditrun
423 1156 460 1215 ed
480 1173 550 1215 suos
570 1161 720 1233 receptum
735 1154 867 1216 habeant.
897 1156 939 1214 Ita
953 1155 1142 1216 mobilitatem
1159 1156 1298 1233 equitum,

237 1239 421 1300 stabilitatem
442 1241 571 1318 peditum
591 1238 623 1298 in
642 1239 761 1317 proeliis
780 1247 941 1318 praestant,
961 1247 1126 1313 astantum
1144 1258 1202 1300 usu
1223 1240 1297 1300 coti-

237 1324 324 1384 diano
345 1331 373 1383 et
393 1323 596 1384 exercitatione
615 1323 757 1394 alliciunt,
783 1323 824 1384 uti
844 1325 875 1384 in
895 1324 994 1384 declivi
1014 1343 1047 1384 ao
1066 1323 1217 1402 praecipiti
1230 1325 1297 1384 loco

237 1407 375 1469 incitatos
394 1427 485 1486 equos
506 1409 651 1470 sustinere
671 1415 699 1468 et
713 1409 792 1468 brevi
806 1409 952 1468 moderari
967 1427 1000 1468 ac
1015 1409 1129 1469 flectere
1144 1417 1172 1470 et
1186 1427 1240 1486 per
1253 1416 1297 1469 te-

236 1511 357 1554 monem
371 1512 540 1571 percurrere
555 1501 583 1554 et
598 1494 629 1553 in
643 1492 711 1570 iugo
727 1492 864 1553 insistere
879 1500 907 1553 et
922 1512 954 1552 se
969 1493 1037 1554 inde
1051 1495 1081 1553 in
1097 1511 1201 1554 currus
1216 1493 1297 1554 citis-

237 1577 312 1638 sime
327 1577 454 1657 recipere
471 1578 649 1640 consuerint.
1019 1597 1024 1606 ’

321 1667 374 1728 34.
407 1663 520 1736 Quibus
535 1664 622 1724 rebus
638 1661 814 1740 perturbetis
828 1662 939 1722 nostris
953 1663 1080 1723 novitate
1094 1679 1210 1740 pugnae
1221 1670 1297 1724 tem-

234 1765 308 1826 pore
323 1748 576 1825 opportunissimo
593 1746 697 1807 Caesar
711 1746 849 1806 auxilium
862 1747 939 1806 tulit:
954 1765 1080 1825 namque
1095 1747 1157 1806 eius
1173 1747 1298 1808 adventu

199 1843 214 1893 2
235 1831 337 1892 hostes
353 1832 554 1905 constiterunt
569 1830 664 1892 nostri
679 1850 711 1890 se
727 1849 761 1890 ex
775 1830 881 1891 timore
895 1839 1075 1910 receperunt.
1093 1831 1158 1903 Quo
1174 1832 1251 1892 sacto
1262 1832 1298 1892 ad

198 1937 204 1959 ¹
233 1915 434 1976 lacessendum
450 1917 527 1976 etad
544 1915 785 1976 committendum
800 1915 945 1994 proelium
961 1915 1086 1976 alienum
1101 1935 1166 1976 esse
1180 1923 1297 1995 tempus

234 1999 388 2060 arbitratus
409 2013 474 2060 suo·
486 2019 518 2060 se
536 1999 602 2059 loco
625 1999 818 2060 continuitet
837 1999 916 2060 brevi
932 2007 1065 2080 tempore
1081 2001 1250 2062 intermisso
1268 2001 1297 2062 in

234 2131 235 2134 ’
268 2135 292 2184 5.
310 2138 416 2186 incertis
428 2134 561 2186 ordinibus
575 2135 614 2184 ‘da
628 2136 669 2184 die
679 2135 741 2185 Rei·
794 2133 884 2185 classis
897 2140 1036 2187 terreatur.
1046 2134 1081 2188 τ’
1089 2151 1147 2187 eom
1159 2154 1188 2187 se
1198 2140 1298 2189 ebsirrw

235 2204 283 2252 ben
301 2203 430 2266 uusicher,
452 2203 618 2252 schwankend
640 2201 740 2266 wareu’,
793 2207 904 2253 aierunt
922 2233 957 2240 —
974 2203 1144 2272 proob'antur.
1177 2205 1204 2254 S.
1222 2221 1255 2254 zu
1275 2221 1296 2256 c.

234 2270 295 2318 weil
317 2270 357 2320 die
378 2269 542 2332 Auistcllnng.
560 2271 627 2320 nicht
648 2271 674 2319 iu
695 2271 742 2320 der
798 2270 819 2333 1,
834 2271 857 2320 5.

236 2336 357 2400 ordnung
366 2353 413 2388 vor
426 2339 477 2387 sich
490 2339 570 2401 geben
583 2337 685 2400 boante,
698 2338 739 2388 bei
828 2337 852 2388 3.
866 2339 1087 2390 brecirnoderori:
1096 2340 1120 2388 in
1129 2339 1296 2403 burzarZeit,

234 2405 281 2454 der
294 2404 370 2468 jeder
388 2406 474 2456 seiuen
491 2405 649 2456 bestimmten
666 2405 738 2456 Plntz
793 2406 848 2456 also
869 2407 933 2456 obue
954 2407 1004 2456 viel
1024 2407 1160 2458 Umst'dnde
1181 2409 1231 2458 und
1246 2409 1298 2458 'mit

218 2489 221 2494 ·
235 2473 359 2537 cinnabm,
372 2474 397 2522 in
407 2473 486 2537 Folge
496 2475 587 2523 dessen
597 2474 637 2522 die
646 2473 739 2523 Rdmer
792 2471 961 2536 Leiebtigkeit
982 2475 1020 2524 die
1041 2473 1145 2537 Plerde,
1170 2475 1252 2525 selbst
1272 2476 1297 2525 iu

234 2540 312 2590 leicbt
331 2541 357 2590 iu
370 2541 523 2604 Unordunng
539 2540 660 2604 gebracht
670 2556 738 2590 wer·
793 2543 888 2591 vollem
910 2541 989 2591 Leule
1021 2541 1168 2606 (incitatos)
1193 2542 1295 2606 bergeb‚

236 2609 284 2658 den
296 2608 416 2659 lonnteu.
428 2637 462 2645 -
473 2612 692 2677 perturbaverant
704 2637 738 2646 -
793 2609 926 2672 bindigeu,
951 2609 1075 2672 regieren.
1097 2638 1130 2645 —
1147 2625 1197 2676 per
1214 2615 1296 2661 temo-

236 2676 458 2728 circumdederant
480 2677 555 2726 uiiml.
576 2693 624 2727 vor
645 2675 737 2726 Ciisars
792 2693 851 2726 rtem
869 2675 1199 2738 ‘iiberdieDeicbselhin’,
1216 2677 1294 2740 210,

235 2743 357 2794 Ankunlt.
793 2743 817 2793 3.
843 2743 866 2793 3.
878 2742 920 2806 26,
934 2744 957 2793 5.
977 2771 1012 2780 -
1031 2747 1136 2809 iugum:
1157 2745 1201 2794 das
1223 2745 1312 2809 llolz‚·

270 2800 323 2861 33·
348 2811 370 2862 1.
393 2828 428 2862 eor
449 2811 546 2862 essedis
564 2827 663 2878 pugneo.
692 2812 738 2862 uie
793 2812 837 2860 das
850 2811 896 2860 auf
905 2812 959 2860 dem
972 2810 1075 2868 Naclren
1088 2813 1134 2860 der
1145 2811 1237 2862 Pferde
1249 2813 1295 2862 lie-

233 2878 378 2928 adverbiole
395 2879 565 2940 nestimmung
586 2894 621 2928 ece
641 2879 738 2930 essedis
793 2879 870 2941 gend,
893 2880 937 2928 das
956 2877 1072 2944 Gespauu
1090 2879 1208 2930 verbeud.
1232 2880 1296 2930 Dort

232 2945 278 2996 init
295 2946 350 2994 dem
367 2946 496 2994 Substant.
513 2945 671 3009 verbunden,
688 2947 738 2996 wie
794 2945 899 2994 stenden
921 2947 966 3009 sie,
990 2962 1032 2996 uin
1052 2961 1102 2996 von
1123 2948 1155 2997 da
1175 2961 1222 2996 aus
1244 2947 1294 2998 Ge-
1387 2941 1389 2952 '

233 3013 274 3060 ein
291 3011 407 3061 Attribut
429 3013 489 3076 (τῆς
506 3010 534 3070 ἐξ
550 3006 666 3079 ἁμαξῶν
705 3007 738 3062 ά·
794 3013 1134 3064 scbosseabzuschleudern.
1390 3063 1391 3068 ,

228 3079 309 3144 χης),
333 3079 396 3144 obqe
418 3077 514 3128 Zusatz
538 3081 610 3130 einer
630 3029 738 3130 Verial-
828 3068 880 3129 34·
907 3080 930 3128 1.
952 3083 1043 3146 quibus
1065 3084 1142 3132 rebus
1163 3088 1226 3132 ete:
1248 3083 1295 3132 deu

230 3144 296 3194 form
327 3145 472 3211 (Particip.)
502 3147 564 3196 oder
589 3147 660 3196 eines
688 3146 738 3197 Re·
793 3147 901 3196 dadurch
918 3149 1004 3210 (durch
1016 3149 1085 3198 diosc
1097 3149 1295 3200 verschiedenen

232 3212 400 3275 lativsatzes‚
426 3214 476 3263 wie
503 3213 587 3276 hduflg
612 3214 653 3263 bei
680 3215 738 3265 Cis.
792 3213 927 3279 Mandver)
949 3230 1038 3278 wegen
1059 3218 1105 3265 der
1120 3215 1230 3267 Nenheit
1250 3219 1296 3268 der

230 3278 319 3343 Vergl.
344 3297 366 3330 z.
384 3280 412 3330 B.
441 3281 468 3330 B.
488 3280 514 3331 C.
532 3280 557 3330 2.
571 3281 612 3345 37,
630 3279 659 3330 2:
678 3281 740 3332 Cae·
792 3279 924 3348 Ramplart
939 3284 964 3332 iu
981 3283 1147 3346 Verwirruug
1162 3291 1294 3346 gesetzteu

230 3351 299 3398 saris
327 3351 363 3398 ie*
378 3349 500 3416 Hispania
527 3364 570 3400 res
604 3349 738 3400 secundae.
793 3349 916 3412 llb'meru3
938 3352 1002 3401 deun
1022 3352 1047 3400 in
1063 3355 1176 3402 rootiwte
1188 3368 1217 3420 p.
1233 3353 1295 3416 liegt

231 3414 272 3478 39,
301 3414 329 3464 2:
368 3419 427 3482 quis
454 3420 547 3468 eastris
576 3415 611 3466 ad
636 3416 740 3482 Bagra·
793 3419 839 3466 der
859 3417 958 3482 Groui,
982 3433 1078 3468 warum
1099 3419 1136 3468 sie
1157 3419 1198 3468 to
1218 3422 1294 3470 rebus
1384 3449 1387 3454 ·

233 3482 294 3532 dom
315 3487 422 3550 praesit.
453 3485 480 3533 B.
500 3484 530 3534 G.
549 3484 573 3534 3.
590 3483 632 3547 20,
652 3485 678 3533 1:
704 3502 739 3536 ore
792 3485 1035 3536 verwirrtwurdeu.
1051 3485 1294 3538 —eiosodcootnr

234 3549 498 3618 tertiaportetlalliu.
517 3550 737 3615 5.l3‚l:omoes
793 3551 1018 3615 3.23‚4.—e.e
1034 3556 1249 3622 amsereeepa
1267 3553 1291 3602 2.
1390 3587 1391 3608 2

232 3634 268 3668 em
280 3616 360 3669 Gallia
371 3635 458 3670 nares.
482 3617 738 3683 Ebend.§4:ceriis
794 3619 834 3682 12,
850 3620 876 3669 1:
901 3622 937 3671 sie
962 3621 1051 3671 rell'ten
1073 3621 1126 3670 sich
1146 3635 1193 3670 nus
1214 3623 1294 3672 ibrem

230 3701 268 3802 {fe
283 3702 351 3802 aqzo
370 3689 508 3804 merefnflnris’.
525 3691 739 3804 ‘.P⁸²'Jl“²²“'²‘
792 3687 935 3770 §cbreolsen
959 3690 1056 3739 wieder
1078 3687 1134 3752 aul,
1158 3682 1293 3755 ἀνέλαβον

247 3769 298 3802 ier:
336 3769 406 3804 erum
449 3769 511 3804 reu.
555 3769 612 3804 aso
634 3769 737 3806 errore:
791 3771 913 3810 sources.

230 3819 295 3881 bles,
318 3823 393 3870 scb‘on
415 3823 491 3870 durch
513 3770 735 3872 denPScbreclen.
825 3822 849 3872 2.
873 3823 909 3874 ad
923 3823 1100 3874 lacessendum
1115 3823 1292 3894 ohne'0bieet:

232 3886 259 3936 S.
278 3888 307 3938 B.
317 3888 344 3938 C.
357 3888 379 3938 1.
390 3889 430 3952 56,
440 3887 469 3938 2:
482 3889 564 3939 media
574 3892 679 3954 easo'gio
689 3889 737 3940 od-
791 3888 929 3941 deu'Feind
941 3907 997 3942 zum
1009 3889 1114 3957 limnple
1131 3891 1230 3952 remen,
1247 3906 1293 3942 nu-

231 3953 305 4020 doot,
332 3960 364 4006 ut
382 3959 440 4024 ipsa
458 3957 624 4008 multitudiue
643 3961 736 4008 nostra
789 3957 940 4019 griffsweise
952 3957 1096 4014 ventabren.
1118 3958 1140 4009 1.
1155 3958 1195 4024 15,
1207 3957 1233 4009 3.
