2798 4482
538 347 558 399 l.
575 345 695 398 45-48.

1115 347 1156 412 89

101 499 174 560 Velle
189 518 223 560 se
239 500 278 561 de
291 499 337 560 bis
352 500 449 574 rebus,
469 521 541 580 quae
555 501 631 564 inter
646 520 697 562 eos
712 501 757 579 agi
773 508 892 580 coeptae
905 517 999 580 neque
1014 503 1156 581 perfectae

101 592 205 658 essent,
224 583 311 662 agere
326 603 393 646 cum
408 605 457 646 eo:
472 587 516 647 uti
530 595 579 648 aut
592 587 698 648 iterum
714 585 859 665 colloquio
876 586 952 646 diem
967 587 1157 649 constitueret

101 678 160 742 aut,
181 669 208 729 si
229 669 261 729 id
282 669 379 730 miuus
399 670 495 744 vellet,
515 692 530 732 e
551 672 611 732 suis
635 671 761 750 [legatis]
785 671 908 750 aliquem
923 672 959 732 ad
974 689 1006 731 se
1020 671 1154 733 mitteret.

99 753 292 832 Colloquendi
307 755 420 816 Caesari
436 775 521 817 cansa
535 755 597 818 visa
610 773 672 816 non
688 764 741 830 est,
757 763 785 816 et
800 775 835 816 eo
850 755 953 834 magio,
969 757 1047 834 quod
1062 755 1157 836 pridie
1176 771 1192 821 2
1235 749 1239 761 ’

99 838 158 898 eius
171 839 229 899 diei
241 839 379 900 Germani
390 840 508 901 retineri
519 859 580 902 non
591 849 736 921 poterant,
753 841 822 919 quin
834 841 865 900 in
876 848 996 901 nostros
1012 841 1067 902 tela
1083 858 1155 901 con-

98 923 213 984 icerent.
244 923 386 1002 Legatum
402 926 492 986 esuis
508 945 573 987 sese
588 945 695 1005 magno
711 943 778 986 cum
793 925 921 1005 periculo
937 925 973 986 ad
995 943 1062 986 eum
1081 925 1155 986 mis·
1177 937 1192 988 3

99 1025 200 1068 summ
216 1016 246 1069 et
261 1009 432 1070 hominihus
447 1011 516 1072 feris
532 1011 714 1073 obiecturum
726 1010 913 1071 existimabat.
941 1010 1156 1071 Commodissi·
1176 1019 1194 1071 4

98 1110 178 1152 mum
204 1093 305 1154 visum
330 1101 374 1154 est
400 1094 504 1156 Gaium
523 1096 668 1158 Valerium
687 1095 861 1169 Procillum,
888 1095 918 1156 C.
939 1093 1032 1156 Valeri
1052 1094 1157 1156 Caburi
1247 1117 1251 1126 ’

98 1177 196 1250 66ιιιιι,
216 1197 335 1240 summa
349 1177 454 1261 virtute
468 1187 497 1241 et
510 1181 691 1242 humanitate
705 1181 927 1253 adulescentem,
947 1180 1029 1241 cuius
1044 1187 1126 1259 pater
1140 1199 1158 1241 a

100 1261 167 1324 Gaio
187 1263 304 1324 Valerio
324 1264 426 1325 Flacco
446 1265 557 1326 civitate
577 1266 703 1327 donatus
723 1273 795 1339 erat,
821 1272 849 1325 et
874 1271 996 1344 propter
1021 1266 1109 1326 fidem
1129 1272 1159 1326 et

98 1355 219 1426 propter
233 1348 350 1426 linguae
363 1349 483 1410 Gallicae
495 1349 652 1424 scientiam,
668 1368 724 1429 qua
737 1350 829 1410 multa
843 1349 900 1411 iarn
912 1349 1074 1410 Ariovistus
1090 1350 1157 1431 lon-

101 1430 203 1510 ginqua
219 1433 433 1494 consuetudine
448 1434 594 1508 utebatur,
616 1442 644 1496 et
659 1435 738 1514 quod
752 1434 782 1494 in
799 1453 833 1494 eo
849 1433 988 1514 peccandi
1004 1434 1157 1495 Germanis

100 1533 182 1577 causa
193 1533 259 1578 non
270 1526 357 1590 esset,
374 1519 488 1580 adeum
499 1520 622 1593 mittere,
638 1527 666 1579 et
676 1521 714 1581 M.
725 1519 852 1592 hletium,
868 1519 917 1597 qui
927 1518 1058 1598 hospitio
1070 1519 1156 1580 hrio-

100 1599 161 1660 visti
175 1603 324 1663 utebatur.
349 1603 402 1663 His
417 1604 576 1677 mandavit,
590 1613 632 1677 ut,
648 1623 721 1683 quae
735 1603 843 1664 diceret
856 1603 1027 1678 Ariovistus
1043 1621 1155 1682 cogno-
1177 1613 1193 1662 5

101 1694 210 1747 sterent
225 1695 256 1748 et
271 1688 308 1748 nd
323 1706 355 1748 se
369 1689 518 1749 referrent
549 1690 631 1762 Quos
652 1707 721 1749 cum
736 1687 812 1766 apud
828 1707 860 1748 se
875 1688 905 1773 in
922 1687 1023 1748 castris
1038 1687 1153 1748 Ariovi-
1177 1698 1193 1748 6

102 1775 160 1830 stus
172 1772 384 1850 conspexisset
401 1772 526 1834 exercitu
537 1791 592 1834 suo
604 1780 756 1853 praesente
772 1771 973 1833 conclamavit:
989 1772 1059 1851 quid
1074 1774 1110 1834 ad
1126 1791 1158 1834 se

97 1855 251 1918 uenirent?
268 1874 307 1917 an
323 1858 490 1937 speculandi
507 1855 633 1937 caussa?
654 1857 793 1919 Conantis
809 1856 904 1918 dioere
918 1856 1069 1936 prohibuit
1084 1864 1112 1918 et
1126 1855 1158 1918 in

103 1946 213 2001 caunas
229 1942 363 2003 coniecit.

183 2031 237 2093 48.
276 2027 390 2088 Eodem
405 2027 451 2088 die
470 2036 565 2089 castra
579 2027 728 2109 promovit
743 2034 772 2088 et
786 2025 902 2088 milibus
917 2045 1060 2106 passuum
1075 2045 1157 2088 sexa

104 2104 227 2171 Caesaris
249 2111 353 2172 castris
374 2111 428 2174 sub
448 2120 549 2174 monte
565 2113 705 2187 consedit.
734 2110 881 2172 Postridie
895 2112 957 2172 cius
973 2111 1029 2172 dici
1043 2121 1158 2191 praeter
1178 2118 1193 2169 2

105 2200 193 2256 castra
207 2195 340 2258 Caesaris
362 2215 429 2258 suas
451 2197 552 2277 copias
567 2197 694 2259 traduxit
708 2205 737 2258 et
750 2197 867 2258 milibus
882 2215 1025 2276 passuum
1041 2197 1157 2258 duobus

136 2419 186 2480 47.
206 2431 230 2482 1.
248 2427 360 2500 qame‘to
393 2437 605 2502 tubaequeper·

101 2493 184 2557 sectae
211 2505 307 2550 essent.
380 2516 412 2550 aa
435 2500 540 2551 beacbte
564 2503 603 2552 die

108 2563 603 2632 sobeinbareUnbelangenhcitdesArio-

107 2629 194 2697 viatus,
215 2636 254 2685 als
273 2636 304 2685 ob
317 2651 347 2686 er
358 2636 398 2686 bei
407 2635 492 2699 jerem
508 2636 603 2698 gleich-

107 2709 154 2747 sam
173 2701 312 2768 ansilligen
333 2703 448 2755 Vorlalle
469 2717 515 2766 gar
536 2703 604 2754 nicht

108 2761 231 2833 batheiligt
251 2771 300 2821 sei.
323 2787 404 2838 napus
420 2772 553 2838 perfectae
568 2791 604 2815 =

107 2846 180 2898 neque
190 2853 251 2889 aero
283 2840 382 2902 .vergl.
396 2855 417 2888 c.
428 2837 468 2902 36,
483 2839 507 2887 5.
520 2867 554 2876 -
565 2842 605 2889 io·

109 2901 237 2971 tercouc.
269 2905 314 2970 ,3.
330 2906 369 2971 11,
382 2905 406 2956 3.

91 3036 94 3041 Ι
139 2967 161 3019 3.
178 2971 293 3038 Quum
303 2977 379 3025 esuis
388 2975 452 3025 kann
463 2974 602 3040 spraohlich

110 3049 151 3084 nur
160 3037 272 3092 buissen:
286 3043 361 3091 einen
369 3041 547 3106 Abgesundteu
558 3055 604 3092 aus

110 3103 187 3155 seiuen
199 3106 310 3173 Lecton,
327 3109 394 3160 nieht
406 3110 478 3158 einen
490 3126 539 3160 von
552 3109 605 3159 sei-

110 3183 152 3248 ιιι
166 3172 292 3241 Legatea,
312 3177 362 3226 wie
380 3178 441 3227 auch
452 3177 541 3228 Ariov.
558 3191 604 3240 ge-

109 3249 163 3288 mas
181 3257 228 3293 nur
248 3245 367 3307 verlangt
386 3246 467 3308 batte,
489 3247 548 3296 dass
566 3259 603 3308 er,

111 3317 191 3358 wennu
204 3327 234 3361 er
244 3313 314 3362 nicht
323 3310 404 3362 selbot
411 3312 604 3362 hommenwoll-

110 3375 144 3450 tc,
160 3383 237 3430 aeta'a
249 3379 359 3446 αᾶφιθηι
370 3383 490 3446 aduerat,
503 3395 531 3430 so
544 3380 603 3430 dass

110 3441 171 3492 nicht
192 3445 216 3495 in
240 3447 433 3498 unmittelbarcr
454 3447 534 3510 Folge
558 3448 603 3496 das

111 3502 180 3626 gapt
191 3521 245 3565 erst
255 3514 337 3579 Legat
347 3515 398 3564 und
410 3515 475 3564 daun
489 3514 604 3566 Gesand-

134 3587 147 3622 r
171 3579 239 3632 eiset.

140 3642 162 3694 4·
192 3645 282 3701 Gdnm
301 3648 436 3702 Valerium
456 3649 601 3713 Procillum,

114 3705 155 3758 den
173 3729 194 3764 c.
216 3715 259 3781 19,
281 3716 296 3766 3
317 3719 464 3767 erwihnten
482 3719 603 3786 princepe

112 3839 117 3851 ,
165 3782 170 3794 “
209 3787 362 3852 proaahcioe.
394 3785 489 3834 Caesar
508 3784 605 3850 spricbt

111 3844 187 3898 noes
206 3867 256 3901 von
272 3852 333 3916 ihm,
355 3853 393 3902 als
410 3867 483 3901 wenn
503 3867 532 3902 er
548 3865 604 3900 zum

113 3918 189 3965 auten
200 3917 266 3970 Male
279 3920 393 3970 erwb'hnt
403 3919 499 3969 wiirde.
511 3947 546 3955 -—
556 3919 604 3968 bu-

114 3985 214 4055 mtvdtas
222 4009 257 4031 ==
265 3987 332 4038 icine
341 3986 454 4053 bildnng,
468 3985 605 4038 Gewandt-

656 2433 757 2483 heit-
766 2449 783 2483 a
789 2431 849 2484 Coto
856 2433 885 2485 V
883 2433 962 2484 alerio
967 2431 1065 2498 flocco,
1071 2433 1118 2482 der
1126 2431 1159 2482 im

657 2501 733 2550 Jahre
750 2499 781 2550 83
799 2501 839 2550 die
856 2501 965 2550 Provinz
984 2499 1082 2551 Gallica
1099 2514 1159 2549 ver·

657 2569 769 2618 waltete.
785 2584 885 2634 —qua
908 2567 1009 2618 multa
1031 2567 1158 2632 utebatur,

657 2635 763 2684 niimlich
786 2634 885 2700 blegne,
908 2635 948 2684 die
966 2633 1029 2684 eben
1042 2635 1160 2697 dudurch‚

658 2702 808 2752 dassersieh
819 2701 902 2765 biiullg
911 2701 1043 2751 dcrsclben
1051 2700 1159 2764 bedient,

657 2769 698 2820 bei
707 2769 755 2818 ibin
764 2769 846 2820 medlo
854 2771 896 2819 ist.
908 2769 987 2819 Wohl
995 2769 1088 2818 boante
1097 2768 1160 2818 auch

657 2837 768 2888 multum
787 2837 888 2897 stebon3
912 2837 973 2887 aber
993 2836 1061 2886 nicht
1077 2836 1159 2886 sclten

657 2906 721 2955 uird
734 2906 780 2955 der
792 2905 888 2970 begriil
897 2905 975 2969 ‘viel,
987 2903 1082 2968 btinflg’
1096 2909 1161 2954 statt
1259 2950 1262 2962 ,

658 2973 735 3023 durch
748 2973 788 3024 ein
799 2972 953 3024 Adverbium
968 2972 1014 3022 mit
1025 2973 1081 3022 dem
1093 2970 1160 3022 Ver-

657 3041 715 3090 bum
732 3041 809 3091 durch
822 3041 862 3091 ein
874 3039 1032 3091 Adiectivum
1048 3041 1094 3091 mit
1104 3039 1160 3090 dem

658 3107 755 3159 Nomen
766 3109 921 3159 verbunden.
942 3107 1004 3159 Sall.
1016 3107 1069 3172 lug.
1082 3107 1124 3173 96,
1134 3106 1159 3158 3.

657 3181 684 3227 in
695 3179 798 3242 agrum
808 3205 843 3214 -
853 3175 950 3227 multata
961 3175 1059 3226 adesse

692 3245 716 3294 6.
743 3244 911 3310 conclavum,
937 3243 1005 3294 lant
1029 3243 1159 3294 ausrnl'en.

659 3312 724 3372 (llas
736 3312 805 3362 Heca·
821 3312 897 3362 sollte
914 3327 942 3361 es
959 3313 1057 3375 boren.)
1090 3311 1160 3360 lliiu-

658 3379 723 3444 liger
733 3379 774 3429 bei
786 3379 915 3429 Dichtern,
937 3377 1010 3428 ovid.
1022 3378 1124 3429 Metam.
1135 3376 1160 3428 4.

658 3445 717 3496 691.
729 3447 754 3496 6.
767 3445 826 3496 227.
842 3446 881 3496 10.
894 3445 952 3495 385.
965 3446 1046 3508 vergi.
1059 3449 1161 3494 conten·

658 3514 725 3580 dore,
738 3514 910 3565 collocatarum
921 3511 1161 3575 ==aettigweineu

656 3609 689 3619 ·-
700 3585 816 3632 concretis
827 3581 910 3631 dicere
916 3580 1055 3650 prohibent.
1076 3579 1113 3628 Da
1123 3579 1160 3630 sie

656 3645 1162 3700 alsGesardtedurcbdnsViilkcrreebt

657 3716 911 3780 geschiitztgewesen
916 3715 1010 3779 wiron,
1021 3715 1083 3764 liess
1089 3713 1160 3764 ereio

658 3799 704 3848 gar
712 3784 781 3832 nicht
789 3799 822 3832 zu
832 3782 924 3833 Worte
936 3782 1058 3845 konnen,
1071 3797 1111 3831 um
1122 3781 1159 3832 aie

657 3849 809 3913 Angesicbts
822 3849 866 3899 des
876 3849 973 3899 Heeres
983 3849 1051 3899 nicht
1059 3849 1097 3899 als
1108 3847 1159 3900 Ge·

659 3918 756 3980 snndte,
778 3917 887 3966 sondern
903 3917 941 3966 als
958 3916 1050 3984 Spione
1066 3917 1160 3968 behan-

659 3985 717 4036 deln
730 3999 763 4034 zu
775 3983 884 4035 Ιιδιιιιοιι.
