2828 4480
263 321 323 384 188
623 317 666 368 m:
685 315 792 390 numo
811 317 954 370 enucleo

224 487 240 537 5
261 474 437 536 videbamus.
466 472 560 534 liuius
580 479 625 534 est
643 471 794 550 longitudo
814 471 927 545 lateris,
948 480 980 533 ut
999 469 1054 533 lert
1072 471 1188 533 illorum
1207 471 1321 552 opinio,

225 571 241 620 6
261 579 316 620 occ
331 559 452 620 milium.
478 558 609 619 Tertium
623 564 669 617 est
684 565 784 620 contra
799 557 1024 638 septentriones3
1040 557 1086 618 cui
1096 557 1172 636 parti
1182 557 1261 618 nulla
1276 565 1323 618 est
1404 577 1405 630 g

262 643 373 705 obiecta
398 651 487 717 terra,
513 643 564 703 sed
590 641 652 702 eius
678 643 800 720 angulus
818 643 914 702 lateris
934 642 1059 703 maxime
1078 643 1113 702 ad
1135 641 1323 702 Germaniam
1404 695 1405 722 2

261 736 381 809 spectat.
405 728 469 789 Hoc
483 727 561 788 milia
575 745 716 806 passuum
732 726 894 804 octingenta
908 727 938 786 in
952 726 1163 804 longitudinem
1178 745 1244 787 esse
1259 727 1321 786 exi-
1404 747 1405 786 3

226 828 241 877 7
262 814 404 874 stimatur.
434 813 476 874 lta
491 812 588 874 omnis
608 811 703 872 insula
722 820 766 872 est
784 811 816 871 in
835 811 956 894 circuitu
969 811 1056 872 vicies
1072 821 1190 872 centum
1204 811 1322 872 milium

262 917 411 979 passuum.
1248 899 1253 908 “

348 989 400 1050 14.
427 983 471 1042 Ex
484 981 531 1041 his
547 979 684 1042 omnihus
698 981 785 1059 longe
799 989 869 1068 suet
882 980 1100 1054 humanissimi,
1120 980 1170 1060 qui
1186 980 1322 1041 Cantium

262 1067 401 1140 incolunt,
416 1065 584 1146 quaeregio
601 1075 646 1126 est
659 1066 813 1126 marituma
824 1065 931 1138 omniu,
947 1083 1041 1144 neque
1051 1065 1174 1146 multum
1186 1085 1202 1126 a
1215 1064 1323 1126 Gallica

227 1163 242 1212 2
263 1151 400 1212 diliemnt
413 1150 630 1212 consuetudine.
659 1151 814 1212 Interiores
828 1150 958 1230 plerique
972 1151 1115 1211 frumenta
1133 1167 1196 1210 non
1211 1157 1322 1223 serunt,

265 1237 316 1297 sed
329 1237 401 1298 lacte
415 1245 443 1297 et
458 1253 543 1296 carne
557 1235 656 1296 vivunt
669 1235 850 1314 pellibusque
863 1242 933 1296 sunt
946 1235 1049 1296 vestiti.
1079 1235 1189 1295 Omnes
1204 1254 1274 1296 vero
1289 1253 1322 1295 se

263 1321 394 1466 Britanni
407 1321 484 1381 vitro
496 1319 635 1393 inliciunt
650 1320 729 1398 quod
744 1321 905 1382 caeruleum
917 1320 1004 1381 efficit
1015 1320 1152 1392 colorem,
1165 1327 1253 1399 atque
1263 1319 1323 1380 hoc

228 1414 254 1464 3-
286 1405 442 1468 orridiores
451 1413 523 1466 esunt
533 1404 564 1465 in
574 1424 671 1484 pugna
682 1413 815 1484 aspectu3
827 1405 985 1484 capilloque
996 1413 1065 1466 sunt
1075 1404 1223 1483 promisso
1236 1412 1323 1483 atque

264 1491 346 1552 omni
371 1500 452 1570 pente
478 1489 610 1569 corporis
635 1508 702 1550 rasa
727 1498 839 1569 praeter
865 1497 949 1569 caput
975 1499 1003 1552 et
1030 1490 1143 1550 lahmm
1174 1490 1320 1569 superius.

227 1576 375 1638 4.Uxores
392 1574 585 1637 habentdeni
604 1575 788 1654 duodenique
806 1575 881 1636 inter
905 1595 937 1635 se
957 1593 1129 1636 communes
1148 1581 1177 1634 et
1195 1573 1322 1635 maxime

228 1669 243 1718 5
265 1662 369 1722 iratres
387 1681 454 1723 cum
477 1660 614 1720 iratribus
633 1669 825 1740 petentesque
845 1678 911 1720 cum
931 1659 1042 1734 liberis3
1062 1661 1113 1720 sed
1133 1659 1183 1737 qui
1202 1668 1322 1721 senten

267 1862 307 1913 13.
325 1862 369 1912 73:
392 1861 423 1912 de
442 1869 472 1913 re
489 1861 553 1912 attuit
569 1878 678 1929 pessum
694 1861 763 1912 'iude
816 1861 977 1926 Aulenthalt‚
999 1861 1039 1912 bei
1059 1855 1115 1912 dem
1136 1877 1166 1911 en
1181 1878 1230 1912 nun·
1247 1863 1319 1912 einen

264 1945 335 1995 cere,
354 1933 407 1980 niet
417 1931 481 1980 illuct
494 1931 559 1979 anthi
570 1930 769 1997 persuadeoa
809 1930 918 1980 ·lnleinen
932 1929 1006 1980 Theil
1026 1930 1122 1980 konnen
1139 1930 1236 1993 leonte,
1254 1931 1321 1980 nicht

265 2026 299 2033 -
309 1997 362 2047 Der
373 1997 432 2046 Sinn
450 1999 494 2046 ist:
514 1997 561 2046 wir
577 1996 668 2047 landen
681 1999 762 2047 daven
818 1998 952 2060 berichtigt
963 1999 1065 2046 werden
1078 1998 1179 2047 konnte.

265 2065 345 2114 nichts
361 2064 496 2127 bestdtigt3
515 2080 562 2113 nur
578 2065 618 2114 die
636 2065 693 2113 eine
708 2065 763 2114 Ab·
857 2056 907 2115 14·
928 2064 960 2114 -1.·
978 2066 1158 2116 dementissimi
1170 2065 1193 2114 1.
1209 2065 1236 2128 1,
1249 2065 1274 2115 3.
1286 2093 1321 2102 -

263 2133 394 2194 weichnng
415 2147 465 2181 von
489 2132 537 2180 den
558 2131 763 2195 Euschoinungen
819 2147 836 2182 e
855 2131 916 2183 Gall.
933 2133 1120 2183 consuetudine
1146 2132 1232 2184 Ucber
1251 2134 1321 2184 diese

263 2198 374 2249 cuidem
387 2198 535 2249 Continente
552 2199 762 2250 erkanutenwie:
818 2199 975 2250 consuetudo
997 2200 1021 2250 6.
1042 2199 1165 2250 11-20.
1192 2201 1250 2251 Von
1272 2203 1320 2250 den

265 2269 393 2318 mutereo
413 2283 470 2317 eece
488 2270 583 2332 nectes,
605 2267 710 2317 niimlich
731 2267 764 2316 im
817 2268 972 2317 Bewohnern
1000 2268 1047 2318 der
1073 2268 1202 2318 siidliclnen
1230 2267 1320 2318 Theile

265 2335 391 2398 Sommee,
415 2350 446 2383 zu
471 2335 582 2384 welches
605 2333 663 2384 Zeit
686 2333 712 2386 G.
737 2335 762 2384 in
818 2335 976 2385 Britannicos
997 2343 1055 2399 sagt
1075 2335 1135 2385 Tac.
1152 2335 1214 2398 Age.
1232 2351 1255 2386 c.
1276 2337 1319 2386 11:

264 2403 327 2452 Bait.
349 2415 409 2452 nae.
435 2401 499 2452 Plin.
521 2401 551 2452 H.
572 2401 604 2454 N.
625 2401 649 2451 2.
664 2403 705 2465 75,
719 2403 763 2451 77:
815 2401 1022 2471 praenuntiatis}
1036 2403 1168 2454 eteimdee
1184 2409 1322 2462 eunteeee

264 2469 307 2521 Sic
319 2471 369 2536 fit,
389 2473 420 2521 ut
434 2470 601 2535 lenge-simus
617 2469 671 2520 dies
686 2471 765 2522 leorae
789 2529 792 2534 Ι
818 2471 930 2522 derecte
943 2474 1095 2537 eugenue,
1110 2487 1156 2522 seu
1162 2485 1321 2540 praecem·

264 2539 411 2603 conpate-
423 2541 450 2588 a'n
461 2538 537 2588 Itelie
549 2537 607 2604 XV,
624 2541 651 2588 ie
662 2537 767 2608 neem·
820 2541 894 2590 tideo
904 2543 930 2588 in
946 2539 1048 2590 diverse
1058 2542 1139 2598 *tende
1148 2541 1245 2607 positio
1257 2540 1324 2590 coeli

263 2611 308 2658 nie
316 2605 398 2658 XVII
406 2607 445 2670 (an
456 2605 765 2656 derNcndlilsteSehott-
821 2610 970 2675 corporibus
987 2607 1101 2657 debitum
1117 2607 1196 2658 dedat.
1218 2607 1250 2656 In
1261 2612 1321 2659 uei-

265 2675 337 2724 lands
347 2674 410 2723 iiber
421 2673 452 2724 18
462 2675 594 2738 Stunden).
612 2673 765 2738 Tacelgric.
819 2690 924 2726 cereum
952 2679 1037 2724 temen
1059 2678 1211 2725 ecchieenti
1234 2673 1320 2728 Galles
1402 2717 1403 2732 .

265 2741 345 2792 c.12:
366 2741 572 2808 eemnspaua
593 2741 664 2792 ultre
681 2744 768 2792 nectat
819 2745 928 2792 tannem
947 2743 1057 2793 insulem
1080 2757 1218 2810 occupasse
1237 2743 1323 2794 mdi-
1402 2743 1403 2784 ἶ

266 2813 335 2861 creis
350 2826 512 2870 mensueene5
531 2825 586 2859 noa:
601 2807 671 2859 clere
683 2814 710 2859 et
720 2826 766 2860 ee·
819 2811 866 2860 bele
877 2815 925 2861 eet.
940 2809 1125 2861 commemora
1135 2811 1321 2877 deprehendas,

265 2881 349 2928 trente
363 2876 513 2927 Bn'tenniee
526 2881 603 2944 perte
619 2879 714 2942 broces,
733 2880 767 2927 nt
819 2881 1246 2945 superstitionempereueeienese
1262 2896 1320 2930 eer-

258 2947 342 3010 finem
364 2948 440 3010 etque
462 2947 564 2994 initium
583 2944 645 2994 lucis
667 2949 764 3010 eetgue
818 2960 860 2994 mo
877 2945 947 2995 laud
960 2945 1069 2996 multum
1086 2945 1218 3006 diensem
1233 2951 1260 2997 in
1277 2947 1321 3003 de-

265 3011 411 3060 discrtmtee
422 3014 589 3061 internosces.
599 3038 632 3047 —
642 3015 718 3061 certe
731 3028 766 3062 ee
816 3013 952 3079 poscendis
966 3013 1086 3079 periculis
1107 3013 1196 3064 eedem
1211 3015 1322 3066 endeeie

264 3094 331 3143 eque
342 3081 479 3128 anemurio.
502 3078 584 3127 Dureh
597 3077 637 3127 die
650 3079 766 3142 Stellnog
819 3083 852 3145 et,
864 3083 909 3130 udi
915 3079 1045 3146 edacem,
1058 3085 1085 3130 in
1094 3080 1267 3133 detrectandis
1277 3097 1321 3132 ee-

189 3181 192 3190 .
266 3145 348 3194 erhiilt
364 3162 399 3195 eae
414 3161 480 3210 eque
500 3145 676 3195 adiectivische
692 3143 766 3196 {tran
819 3146 876 3197 dena
884 3147 1020 3212 semedec
1033 3150 1093 3216 plus
1107 3151 1322 3215 toeneefereciee

266 3228 312 3262 zur
323 3211 518 3276 Umschceibung
530 3213 574 3262 des
587 3213 708 3276 Begniffes
721 3215 767 3264 dec
818 3213 939 3266 Britemn'
946 3217 1112 3283 praesumet,
1128 3221 1160 3269 ut
1174 3233 1240 3284 quoe
1255 3233 1320 3269 nee·

266 3279 423 3331 Wassoruhn
444 3280 615 3349 (clepsydra).
643 3280 670 3331 S.
691 3298 724 3332 zn
740 3281 766 3331 4.
819 3283 881 3334 dem
889 3299 945 3351 pem
957 3284 1096 3336 enecuere.
1134 3319 1135 3324 =

265 3347 344 3413 33‚'1.
836 3351 878 3400 Ὶ2.
913 3349 1053 3403 Interiores
1077 3377 1112 3390 -
1137 3367 1190 3402 non
1219 3357 1319 3405 ament.

298 3417 336 3466 An
357 3416 397 3466 die
418 3414 584 3480 Vocstellnng
603 3416 695 3466 cesare
716 3433 766 3468 von
820 3419 885 3469 Dese
905 3421 945 3469 die
965 3420 1106 3470 Bewolmen
1124 3421 1169 3470 dei·
1189 3421 1319 3472 niidlichen

265 3486 311 3535 den
328 3483 441 3548 (lestolt,
462 3485 530 3546 Lege
549 3485 615 3549 (bes.
634 3484 699 3536 Gnll.
716 3485 767 3534 und
821 3484 1105 3549 Gegendon.Ackenbee
1121 3488 1232 3553 trieben,
1254 3490 1320 3540 sient

264 3553 366 3618 llispan.
385 3552 541 3615 gegeniiber3
564 3554 631 3603 nicht
646 3553 766 3616 nichtigen
819 3569 875 3604 mee
887 3570 932 3606 ans
945 3555 969 3604 4.
983 3555 1060 3619 31,-2.
1079 3555 1119 3618 ³2,
1135 3555 1198 3606 1.-
1208 3561 1319 3608 vitrum:

264 3621 300 3670 ist
317 3621 355 3670 sic
372 3620 412 3669 bei
428 3619 488 3670 Tne.
501 3619 586 3684 Agric.
604 3637 626 3670 c.
641 3620 708 3670 1011.
722 3620 764 3684 24)
820 3623 859 3672 dic
871 3621 1056 3688 Weidpflnnze‚
1073 3639 1118 3673 ans
1130 3624 1177 3673 den
1192 3639 1250 3675 mun
1262 3626 1319 3674 eine

265 3689 316 3738 nod
329 3688 498 3751 Ausdehnung
509 3689 571 3748 linit.
586 3688 708 3739 deciman
721 3703 765 3738 na·
819 3681 905 3752 Elone,
934 3691 1131 3754 indigoiihnliche
1154 3691 1238 3742 Faebe
1262 3707 1320 3756 eng,

265 3757 356 3805 tiinlich
376 3757 443 3806 nieht
459 3757 505 3806 den
520 3755 646 3806 Messstab
658 3771 766 3806 unseren
818 3771 868 3806 von
877 3759 987 3808 anderen
994 3758 1117 3823 glastum,
1125 3755 1322 3824 gntedrccge-

265 3821 403 3874 llenntniss
424 3840 472 3875 von
497 3823 553 3873 dem
575 3823 661 3874 Lende
682 3824 765 3886 legen.
820 3832 905 3888 nannt,
918 3824 995 3875 Ieette
1007 3829 1135 3876 tunctune

265 3891 302 3939 Er
319 3891 384 3954 lolgt
404 3892 475 3942 einen
494 3892 676 3954 mangelhelten
697 3891 765 3956 Yon·-
853 3891 878 3942 4.
905 3893 964 3942 deni
982 3893 1152 3960 duodenique
1172 3901 1255 3945 etwne
1275 3911 1322 3946 an·

265 3957 387 4024 studens,
409 3960 448 4009 die
469 3960 546 4010 dunch
566 3959 653 4012 seinen
669 3961 765 4010 luczon
819 3961 890 4026 ders,
906 3975 979 4010 wenc
995 3961 1057 4011 anch
1069 3963 1115 4012 mit
1125 3963 1257 4026 geringem
1269 3963 1323 4016 Un-
