2828 4480
248 343 314 411 268
611 343 781 396 onemo
799 343 942 396 cnmco

249 495 276 560 si
290 495 421 558 acerbius
434 497 566 577 inopiam
579 499 698 571 ferrem,
713 517 745 558 se
757 498 949 559 dimissurmn
963 497 1213 576 oppugnationem
1227 497 1311 558 dice·

214 595 230 644 5
250 589 304 655 ret,
319 583 446 642 universi
459 583 496 644 ab
510 602 560 656 eo,
573 601 611 644 ne
624 584 655 644 id
670 585 788 656 laceret,
802 583 951 662 petebant:
968 583 1012 642 sic
1025 601 1058 642 se
1071 583 1240 662 complures
1254 601 1311 642 an-

249 684 307 728 nos
325 666 373 728 illo
391 667 552 746 imperante
570 669 726 742 memisse,
749 677 784 729 ut
801 668 909 729 nullam
927 667 1115 746 ignominiam
1134 669 1311 746 acciperent,

213 763 230 814 o
249 769 395 830 nusquam
415 753 519 814 inlecta
536 773 569 814 re
583 753 776 815 discederent:
795 754 854 814 boc
868 771 900 812 sc
914 751 1090 831 ignominiae
1103 752 1215 813 laturos
1230 753 1310 826 loco,

215 849 230 898 7
250 837 276 898 si
295 837 440 916 inceptam
460 839 709 918 oppugnationem
726 839 925 917 reliquissent:
950 845 1098 916 praestare
1117 856 1223 897 omnes
1236 857 1311 918 per-

250 923 326 984 ferre
344 921 525 996 acerbitates,
552 943 639 1002 quam
656 941 718 984 non
738 923 847 983 tisibus
866 923 1019 995 Romanis,
1044 923 1094 1001 qui
1113 919 1224 982 Genabi
1239 942 1312 1001 per-
1395 937 1396 984 ὲ

213 1017 229 1068 8
253 1007 320 1068 lidia
335 1006 484 1068 Gallorum
503 1009 683 1081 interissent,
701 1015 895 1087 parentarent
922 1007 1000 1068 Haec
1012 1009 1113 1068 eadem
1128 1008 1312 1068 centurioni·

249 1091 306 1154 bus
321 1092 502 1171 tribunisque
515 1093 639 1154 militum
652 1093 842 1166 mandabant,
855 1100 888 1153 ut
901 1111 956 1172 per
969 1111 1023 1182 eos
1035 1093 1072 1153 ad
1086 1092 1241 1154 Caesarem
1257 1093 1310 1153 de-

250 1178 404 1238 terrentur.
867 1179 871 1190 '
1011 1207 1016 1222 ·

336 1268 388 1329 te.
420 1262 492 1322 Cum
512 1263 570 1324 mm
589 1281 675 1323 muro
694 1271 790 1324 titrres
810 1264 1108 1342 appropinquassent,
1133 1281 1168 1322 ex
1187 1263 1310 1342 captivis
1396 1281 1397 1334 l

250 1347 355 1410 Caesar
374 1348 510 1426 cognovit
523 1347 785 1426 Vercingetorigem
804 1357 981 1426 consumpto
1000 1347 1106 1427 pabulo
1127 1355 1223 1407 castra
1241 1367 1313 1408 rno-

249 1431 327 1494 visse
347 1433 469 1512 propius
488 1433 641 1494 Avaricum
659 1440 744 1512 atquc
762 1433 861 1511 ipsum
877 1452 943 1494 cum
958 1434 1087 1511 equitatu
1101 1433 1313 1512 expeditisque,

250 1517 300 1596 qui
314 1517 389 1578 inter
404 1517 514 1596 equites
525 1518 662 1597 proeliari
676 1527 881 1592 consuessent,
895 1518 1067 1578 insidiarum
1082 1536 1168 1578 causa
1183 1537 1219 1578 eo
1235 1537 1313 1597 pro-

250 1603 373 1676 tectum,
392 1621 450 1681 quo
470 1611 591 1664 nostros
611 1611 732 1682 postero
751 1604 798 1664 die
816 1603 983 1682 pabulatum
996 1610 1135 1663 venturos
1150 1602 1312 1663 arbitrare-

213 1694 230 1746 2
249 1693 307 1749 tur.
330 1687 442 1759 Quibus
457 1687 544 1748 rebus
559 1688 683 1767 cognitis
697 1689 794 1749 media
807 1697 894 1749 nocte
907 1687 1022 1748 silentio
1036 1689 1186 1766 profectus
1201 1688 1239 1748 ad
1251 1687 1312 1747 bo-

214 1779 230 1829 3
251 1771 341 1834 stium
360 1781 454 1832 castra
473 1791 558 1834 mane
578 1772 717 1852 pervenit.
750 1773 795 1833 llli
815 1773 945 1835 celeriter
962 1791 1016 1852 per
1034 1772 1234 1851 exploratores
1254 1773 1309 1833 ad-

249 1865 338 1918 ventu
357 1857 486 1918 Caesaris
512 1858 629 1936 cognito
657 1877 756 1920 carros
777 1858 1042 1937 impedimentaque
1062 1857 1165 1917 suain
1184 1857 1307 1917 artiores

250 1941 336 2002 silvas
355 1942 539 2016 abdiderunt,
565 1943 664 2022 copias
685 1942 782 2003 onmis
803 1943 832 2003 in
852 1943 918 2003 loco
938 1943 1014 2003 edito
1034 1951 1119 2020 atquc
1138 1949 1240 2020 aperto
1261 1942 1307 2001 in-
1397 1969 1398 2026 q

213 2031 230 2082 l
251 2033 427 2086 struxerunt.
461 2027 525 2099 Qua
550 2046 582 2087 re
604 2028 734 2088 nuntiata
753 2028 858 2089 Caesar
877 2027 1007 2088 celeriter
1025 2027 1153 2088 sarcinas
1173 2026 1309 2100 conferri,
1397 2099 1398 2112 χ

250 2128 331 2172 arim
340 2110 471 2190 expediri
484 2111 578 2172 iussit.
1397 2115 1398 2142 ³

337 2201 388 2262 19.
420 2194 506 2256 Collis
522 2203 582 2258 erat
595 2195 697 2256 leniter
711 2195 748 2257 ab
762 2196 865 2257 infimo
880 2196 1000 2258 scotus.
1022 2197 1108 2257 Hunc
1121 2215 1156 2256 ex
1171 2195 1312 2258 omnibus
1398 2238 1399 2282 q

250 2279 309 2341 sere
328 2280 460 2359 partibus
479 2279 562 2360 palus
583 2281 706 2342 difficilis
726 2290 811 2361 atque
830 2281 967 2360 impedita
987 2281 1120 2360 cingebat
1141 2298 1204 2341 non
1223 2280 1313 2342 latior

213 2369 229 2420 2
249 2365 373 2444 pedibus
388 2365 605 2445 quinquaginta.
632 2366 696 2426 Hoc
710 2386 742 2427 se
758 2368 829 2428 colle
843 2365 1014 2444 interruptis
1029 2365 1168 2445 pontibus
1185 2365 1257 2425 Galli
1273 2365 1310 2425 li-
1398 2396 1399 2424 t

250 2449 334 2512 ducia
353 2452 409 2513 loci
426 2450 612 2512 continebant
631 2453 846 2532 generatimque
860 2451 1007 2512 distributi
1020 2449 1050 2511 in
1067 2450 1194 2511 civitates
1209 2449 1311 2511 omnia
1398 2431 1399 2492 3

283 2636 308 2687 l.
329 2637 424 2689 Caesar
435 2653 494 2690 mm
509 2637 693 2706 oppallcrct—
707 2655 753 2706 pe·
805 2637 934 2707 capedirc':
961 2639 1001 2688 die
1030 2635 1131 2687 Wallen
1160 2637 1186 2685 in
1208 2637 1310 2686 Ber-eit-

251 2705 452 2824 lobtmlilUcber
465 2707 506 2756 die
523 2706 714 2770 Wcrtstellung
730 2723 751 2757 s.
806 2706 887 2756 sebast
899 2713 1001 2769 setzen,
1014 2705 1066 2755 sicb
1079 2703 1245 2769 scblaglertig
1255 2718 1311 2755 ma·

249 2789 281 2824 zu
385 2774 396 2825 l
806 2776 876 2824 oben,

284 2773 316 2890 ᾗ
343 2811 419 2906 qt’tcr’n
444 2858 496 2893 non
518 2869 554 2878 —
573 2846 750 2910 percuterent.
840 2831 891 2893 19·
906 2841 928 2892 1.
944 2841 1020 2909 palm
1029 2840 1311 2907 dp‘sficablrescbwerzn

249 2906 397 2971 Gettuttger
411 2911 478 2959 wilre
494 2910 632 2974 allerdlngs
648 2910 695 2960 der
710 2909 751 2960 ln·
803 2911 927 2976 passiren.
952 2907 1064 2974 Dpffieilc
1083 2909 1163 2958 beisst
1183 2907 1232 2972 ol't,
1254 2925 1310 2960 was

248 2974 312 3028 fluit.
325 2989 455 3039 geresten,
472 2977 521 3026 wic
533 2993 555 3026 c.
570 2977 609 3040 tc,
623 2977 647 3026 2.
669 2977 704 3026 Es
716 2978 752 3027 ist
804 2978 880 3027 durch
890 2978 960 3027 scine
970 2976 1168 3026 beseball'enbeit
1175 2977 1232 3025 dem
1241 2977 1311 3026 llan-

249 3042 289 3092 ein
310 3041 431 3092 Wecbsel
452 3045 478 3093 iu
498 3045 544 3094 der
564 3045 750 3108 Construction,
804 3045 911 3094 deluden
938 3043 1161 3107 Sebwieriglreiten
1188 3043 1309 3094 bereitet.

248 3109 288 3160 bel
299 3110 420 3160 welebem
433 3110 752 3163 dchcbriltstellermebr
803 3112 831 3162 ll.
849 3111 877 3161 G.
896 3110 918 3160 1.
932 3110 977 3175 68,
990 3111 1017 3160 2:
1039 3112 1117 3162 calles
1132 3113 1266 3162 marcenae
1283 3113 1310 3162 al

248 3177 295 3226 deu
308 3175 370 3226 Sinn
383 3178 430 3240 (als
442 3178 501 3228 dass
513 3179 550 3230 sie
562 3180 631 3230 niebt
642 3207 677 3216 -
688 3180 751 3229 soll·
805 3179 985 3246 dpffioewmc;
1005 3179 1093 3229 ebend.
1116 3178 1139 3229 3.
1157 3178 1203 3242 37,
1221 3177 1250 3228 3:
1271 3183 1310 3230 ri-

247 3247 314 3310 ten),
337 3245 375 3296 als
392 3245 432 3295 die
449 3245 618 3313 syntactisebe
635 3245 751 3310 Fassuug
804 3263 851 3298 cars
868 3247 1015 3313 dt'fstffl'libllt
1031 3250 1106 3316 ripis,
1121 3247 1207 3297 wol'dr
1223 3245 1248 3297 3.
1266 3247 1308 3312 75,

248 3313 293 3364 det
305 3311 396 3364 Satzcs
414 3314 447 3364 im
463 3313 534 3378 Auge
551 3315 628 3365 batte.
646 3314 750 3379 Vergli-
804 3314 832 3365 t:
845 3315 959 3381 stamen,
980 3314 1049 3381 quod
1067 3316 1132 3384 ripis
1152 3318 1210 3365 arot
1228 3318 1309 3385 alape-

247 3381 388 3432 ebenwird
405 3398 430 3432 u.
447 3397 470 3432 u.
487 3379 551 3448 Nep.
568 3381 750 3446 Hamilc.l‚5:
806 3383 875 3433 ditia.
897 3411 932 3420 -
954 3399 1006 3432 noo
1033 3382 1112 3433 latior
1131 3382 1254 3452 pedibus:
1285 3383 1309 3433 1.

246 3453 278 3500 att
287 3452 344 3518 ipre
352 3453 499 3518 peritarum
509 3467 538 3500 ee
547 3454 636 3518 polica
645 3450 750 3516 demerit,
804 3450 846 3524 22,
861 3451 883 3501 1.

247 3532 324 3583 quem
348 3533 407 3570 cum
432 3518 624 3585 lantoflcgib'o
645 3518 751 3569 domum
837 3517 862 3569 2.
882 3521 1040 3584 generabant
1057 3517 1080 3567 l.
1094 3517 1135 3582 52,
1148 3517 1172 3568 2.
1190 3517 1227 3568 Es
1243 3517 1309 3569 wird

247 3585 352 3638 rediret.
804 3585 902 3636 erltliirt
917 3587 993 3636 durcb
1009 3589 1037 3636 in
1056 3589 1184 3649 deitates,
1204 3601 1260 3636 was
1275 3601 1309 3637 aa

283 3643 335 3704 18·
354 3653 378 3704 1.
395 3657 663 3721 qui-conruosrcnl.
675 3655 750 3705 Siebe
803 3653 850 3703 der
864 3653 1030 3718 augeliibrtcn
1047 3653 1127 3704 Stella
1148 3653 1226 3703 durch
1244 3653 1309 3703 lliu-

247 3722 287 3772 die
303 3721 471 3772 auslubrliebe
487 3722 556 3772 Sebil
574 3737 655 3786 erung
666 3723 751 3773 dieser
804 3720 931 3786 zuldgung
942 3723 988 3771 der
998 3720 1209 3773 lekerscballcn
1226 3721 1310 3772 selbst

246 3787 378 3854 anplurt
392 3791 413 3841 1.
425 3790 467 3853 48,
480 3790 564 3840 t-t.
803 3791 945 3853 gescbiebt3
965 3788 1082 3852 east:
1100 3792 1243 3857 eepmobm
1255 3792 1310 3840 sde-
1378 3843 1385 3858 ,

281 3856 306 3908 4.
328 3861 444 3908 εανοῠιαε
460 3859 583 3924 conferri
606 3857 691 3909 Wcun
708 3859 752 3926 ein·
802 3857 926 3924 galerum
952 3860 1091 3908 daimberte
1117 3861 1204 3926 copias
1233 3857 1310 3908 eollo·

246 3921 339 3989 llampl
348 3924 503 3990 beverstebt,
515 3927 579 3976 wird
591 3926 636 3976 das
646 3925 749 3992 Gepiick
805 3930 961 3977 cucerat-
979 3929 1064 3975 camec
1080 3925 1146 3975 coda
1164 3940 1195 3975 ce
1214 3924 1309 3975 saltus.

247 3990 292 4042 ab·
308 3992 358 4042 und
374 3994 611 4057 zusammwgelegt.
626 4021 661 4032 -
676 4009 751 4045 armo
805 3993 958 4044 Scbwcrlieb
970 3994 1036 4043 kann
1048 3992 1076 4042 C.
1088 3993 1183 4043 diesem
1195 3993 1228 4042 50
1240 3991 1310 4043 Fusa
