2798 4482
560 344 603 398 rv.
624 345 740 398 12-14.
1121 353 1182 413 155

121 497 176 559 diei
191 515 277 558 mane
292 499 392 558 eadem
406 505 435 558 ct
449 497 570 577 perfidia
584 506 612 559 et
627 499 814 562 simulatione
826 501 875 562 usi
890 502 1027 562 Germani
1043 503 1179 582 frequen-

119 590 163 644 tes
184 583 321 642 omnibus
342 582 523 662 principibus
543 583 761 664 maioribusque
780 593 849 647 natu
865 586 1000 646 adhibitis
1015 587 1051 646 ad
1066 605 1132 648 eum
1147 589 1179 648 in

121 674 213 728 castra
232 675 386 740 vencmnt,
406 667 505 740 simrd,
525 675 558 728 ut
577 668 736 743 dicebatur,
757 670 803 730 sui
823 671 966 749 purgandi
982 689 1080 744 causa,
1100 673 1178 750 quod
1200 685 1215 733 5

120 757 229 823 contra,
244 760 329 834 atque
344 761 421 812 esset
436 751 544 812 dictum
560 758 588 812 et
602 754 659 831 ipsi
673 755 822 832 petissent,
837 755 979 834 proelium
993 756 1084 833 pridie
1096 775 1180 815 com-

118 835 277 908 misissent,
293 835 380 896 simul
394 844 434 908 ut,
450 836 475 895 si
490 836 559 915 quid
573 847 703 914 possent,
720 840 755 899 dc
769 839 887 900 indutiis
904 840 1027 900 sallendo
1039 839 1179 922 impetra-

119 928 190 980 rent.
223 919 306 991 Quos
327 919 382 980 sibi
398 921 502 1003 Caesar
522 921 636 982 oblatos
652 924 767 1000 gavisus
783 925 847 998 illos
863 924 980 985 retineri
994 924 1178 1004 iussit,·ipse
1200 935 1215 987 6

120 1023 222 1064 omnes
243 1005 341 1083 copias
363 1005 464 1065 castris
485 1006 582 1066 eduxit
597 1008 826 1087 equitatumque,
847 1009 925 1087 quod
940 1009 1049 1068 recenti
1063 1009 1177 1087 proelio

118 1088 305 1166 perterritum
320 1108 385 1150 esse
400 1089 589 1164 existimabat,
605 1110 708 1169 agmen
724 1094 864 1171 subsequi
878 1093 972 1154 iussit.

205 1179 257 1238 14.
289 1173 356 1233 Acie
381 1174 486 1252 triplici
512 1175 641 1240 instituta
664 1184 692 1236 et
717 1178 845 1238 celeriter
868 1197 920 1238 vm
946 1177 1059 1237 milium
1077 1177 1179 1237 itinere

119 1258 251 1317 consecto
267 1258 350 1336 prius
366 1259 401 1318 ad
416 1259 548 1319 hostium
563 1272 655 1320 castra
671 1263 813 1339 pervenit,
834 1280 932 1340 quam,
953 1262 1021 1340 quid
1037 1269 1178 1339 ageretur,

119 1341 256 1402 Germani
277 1342 384 1402 sentire
403 1350 534 1420 possent.
576 1344 633 1416 Qui
653 1345 789 1406 omnibus
810 1347 898 1406 rebus
918 1345 1013 1406 subito
1034 1345 1179 1424 perterriti
1198 1351 1214 1399 2

119 1433 146 1486 ct
165 1426 308 1486 celeritate
328 1427 466 1487 adventus
487 1427 582 1486 nostri
602 1435 630 1488 et
649 1429 780 1490 discessu
795 1447 930 1502 suorum,
957 1448 1050 1507 neque
1065 1429 1178 1489 consilii

117 1510 242 1571 habendi
257 1528 351 1589 neque
365 1529 445 1571 arma
464 1511 594 1588 capiendi
611 1513 707 1590 spatio
719 1515 794 1586 dato,
810 1513 1025 1591 perturbantur,
1041 1513 1179 1590 copiasne

119 1595 393 1655 adversushostem
414 1596 530 1667 ducere,
557 1613 595 1654 an
616 1604 709 1657 castra
730 1597 896 1669 defendere,
923 1615 960 1656 an
975 1599 1042 1673 luga
1057 1597 1177 1656 salutem

118 1687 217 1756 petere
227 1686 396 1756 praestaret.
418 1679 552 1750 Quorum
563 1679 652 1738 timor
664 1699 730 1739 cum
745 1682 863 1741 fremitu
878 1688 906 1740 et
922 1698 1069 1740 concursu
1085 1679 1177 1757 signi·
1199 1687 1214 1735 3

118 1763 260 1837 licaretur,
274 1762 379 1822 milites
394 1764 489 1824 nostri
504 1762 619 1841 pristini
634 1763 690 1823 dici
704 1765 827 1843 pertidia
835 1765 942 1824 incitati
954 1765 985 1823 in
997 1773 1089 1824 castra
1101 1765 1178 1824 irru-

118 1855 243 1924 perunt..
265 1848 329 1919 Quo
345 1848 411 1907 loco
427 1848 476 1925 qui
492 1846 621 1909 celeriter
636 1866 717 1908 arma
733 1867 835 1928 capere
849 1855 1016 1926 potuemmt,
1031 1849 1178 1926 paulisper
1198 1855 1215 1904 4

74 1987 76 1991 .
118 1932 228 1992 nostris
249 1932 417 1992 restiterunt
437 1939 521 2010 atquc
540 1931 615 1991 inter
635 1950 735 1992 carros
755 1933 1020 2012 impedimentaque
1034 1933 1179 2010 proelium

119 2015 346 2076 commiserunt:
385 2023 414 2076 at
449 2015 558 2094 reliqua
588 2017 742 2078 multitudo
773 2035 933 2096 puerorum
966 2017 1214 2096 mulierumque5

119 2217 285 2267 -adldbitis
297 2221 429 2268 venerunt.
452 2217 623 2268 Dieerschie-
648 2229 651 2236 ’
713 2210 764 2269 14.
785 2218 807 2268 1.
826 2223 880 2270 acie
892 2201 987 2287 triplici
995 2222 1056 2269 inst.
1075 2217 1101 2268 S.
1113 2218 1141 2268 B.
1151 2217 1178 2268 C.

120 2300 201 2334 neuen
222 2284 362 2335 Germanen
384 2299 470 2334 waren
492 2301 539 2335 nur
560 2287 623 2335 eben
677 2283 803 2350 liriegsw.
817 2285 842 2352 ξ.
850 2287 893 2336 ,14.
903 2287 927 2336 2.
939 2315 974 2324 -
986 2303 1063 2352 qoam
1073 2314 1108 2323 —
1117 2301 1180 2353 pos·

117 2352 177 2416 jene
187 2355 318 2420 principes
328 2355 473 2403 atrociores
484 2357 554 2418 natu,
568 2354 622 2402 also
676 2358 747 2403 sent.-
760 2353 783 2402 3.
796 2353 837 2416 26,
851 2353 874 2404 3.

120 2436 152 2468 zu
173 2420 292 2469 erkldreu
314 2421 376 2468 nacb
399 2437 419 2469 c.
440 2420 465 2484 1,
480 2420 505 2468 1:
527 2436 624 2485 magara
710 2419 735 2470 2.
759 2425 876 2471 erunibus
892 2423 978 2470 rebus.
1001 2420 1047 2470 Die
1066 2419 1178 2468 schnelle

120 2502 178 2538 cum
197 2487 360 2538 multitudino
381 2487 510 2537 bornicum
527 2509 562 2529 =
583 2489 622 2536 die
676 2487 789 2537 Ankuolt
806 2487 956 2536 deermer
971 2489 1021 2536 und
1034 2488 1073 2535 die
1085 2486 1197 2536 Abwe-‘

122 2553 262 2604 Genuam
271 2554 360 2604 lamen
370 2555 394 2602 in
404 2569 508 2616 grosser
516 2553 622 2618 Anzahl,
677 2554 776 2604 senbeit
791 2556 836 2603 der
852 2553 949 2617 Ihrigen
967 2553 1102 2616 bewirkte‚
1120 2555 1178 2602 dass

120 2621 202 2671 indem
224 2637 256 2670 zu
276 2621 361 2671 dieser
379 2620 574 2671 Gesandtschatt
588 2649 622 2658 -
678 2623 714 2672 sie
728 2625 845 2672 comibus
858 2624 945 2685 rebus,
963 2620 1008 2670 auf
1016 2620 1067 2669 alle
1081 2619 1178 2683 Weise,

120 2703 266 2751 genommeo
290 2689 394 2738 worden
418 2703 513 2738 waren.
547 2688 623 2738 Diese
676 2689 702 2738 in
722 2688 798 2752 jeder
821 2689 934 2738 Hinsicbt
964 2687 1001 2750 (3.
1028 2686 1070 2748 17,
1095 2687 1123 2749 5)
1153 2688 1178 2736 in

120 2756 207 2805 hatten
224 2755 277 2804 sich
295 2757 357 2804 nacb
375 2755 421 2804 Dio
439 2754 479 2804 39.
498 2755 530 2804 47
547 2771 572 2804 u.
590 2755 623 2804 48
678 2756 819 2806 Scbreclren
836 2757 937 2818 geset'zt
951 2769 1046 2804 waren.
1069 2753 1179 2804 adventu

121 2823 176 2872 dem
187 2822 288 2886 Angriff
296 2822 426 2885 angellicb
438 2823 587 2872 widersetzt
598 2838 623 2872 a.
677 2825 727 2872 und
744 2823 860 2874 decessu
881 2822 980 2872 causele
998 2817 1107 2870 Ahlf-
1124 2821 1179 2870 dle-

121 2891 225 2939 sucbten
238 2890 279 2938 ibn
292 2891 337 2939 der
350 2890 513 2952 ungestiimen
527 2890 624 2952 lugend
678 2906 752 2940 cessa
776 2906 885 2941 cuorum
913 2890 979 2939 kann
1003 2903 1051 2938 nur
1073 2888 1118 2938 auf
1139 2889 1179 2937 die

121 2957 304 3006 beizumesscu.
675 2961 805 3025 principes
821 2959 871 3007 und
887 2961 999 3007 maiores
1015 2961 1079 3006 natu
1091 2957 1179 3018 gehen,

155 3023 279 3104 busimnl
288 3051 323 3060 -—
335 3023 422 3089 micul,
440 3025 488 3104 mie
501 3019 560 3092 ἅμα
571 3021 625 3093 μὲν
679 3025 719 3103 die
732 3026 768 3074 sie
787 3025 828 3104 bei
847 3027 901 3074 dem
914 3023 1042 3104 Ueberlall
1055 3025 1181 3104 schmera-

5 3153 6 3164 ¹
53 3126 58 3131 ¹
123 3088 625 3222 Gleiiizziiiglieiztliiirgligizceliaiiiiglolilliiir
678 3091 1180 3220 lplcpasqupquqqqgnnqppitoecpoSppprqqe'

122 3240 163 3289 ge,
181 3225 222 3275 bei
234 3224 261 3275 C.
275 3240 322 3274 nur
335 3226 402 3289 hier,
420 3226 460 3276 bei
472 3226 560 3276 Cicero
574 3226 623 3276 nie.
679 3227 737 3276 dass
758 3225 786 3274 C.
808 3227 927 3290 pldtzlich
948 3226 1045 3289 angriff,
1067 3233 1180 3275 mussten

121 3291 625 3422 atmtlff”t.tlt.2ttt“t..³i.tz.t·*
679 3292 1181 3424 3:¹¹tttittltltlltbltltb

225 3393 260 3402 ..
424 3398 431 3422 ‚
571 3387 625 3408 ,..
729 3389 774 3409 ,-

123 3427 154 3476 de
168 3427 278 3478 sodoma
294 3431 396 3494 impetr.
419 3427 445 3477 S.
458 3444 490 3476 zu
505 3427 526 3476 1.
540 3426 582 3488 42,
597 3427 623 3474 1:
679 3427 804 3494 capiendi,
816 3443 911 3476 warum
923 3426 1045 3476 Wechsel
1058 3426 1104 3474 der
1115 3425 1180 3473 Gon-

121 3495 189 3559 quod
199 3493 231 3544 de
245 3494 366 3560 colloquio
374 3494 540 3562 postulasset.
557 3493 624 3543 Ver·
679 3495 818 3544 structiont
835 3521 870 3529 -
881 3495 1069 3560 perturbantur
1081 3495 1182 3558 copma-

122 3561 155 3622 gl.
169 3562 193 3610 5.
207 3561 252 3625 36,
267 3561 290 3610 3.
309 3563 336 3612 Β.
351 3560 377 3610 C.
396 3562 417 3610 1.
430 3561 476 3625 22,
490 3560 517 3626 6:
535 3559 567 3611 de
583 3576 625 3610 aa·
678 3577 711 3610 rae
722 3578 769 3608 —-:
784 3561 821 3609 sie
839 3568 951 3610 wassten
971 3561 996 3609 ia
1016 3560 1062 3608 der
1075 3559 1181 3608 bestiis-

121 3627 174 3680 lute
185 3632 288 3695 impetr.
679 3637 746 3691 zung
756 3628 831 3688 nicht,
844 3627 876 3676 ab
888 3655 922 3664 —
1094 3622 1108 3647 ’“

156 3696 182 3745 6.
217 3696 286 3760 dios,
309 3697 353 3745 das
376 3697 438 3744 nach
461 3710 523 3759 quos
541 3693 626 3743 leblen
714 3696 738 3744 3.
760 3697 875 3762 pristini,
892 3695 941 3743 wie
954 3709 1034 3742 unser
1047 3691 1134 3756 ‘vorig’
1147 3715 1184 3736 =

122 3761 231 3824 konnte,
256 3763 324 3812 steht
346 3777 435 3824 wegen
460 3763 504 3811 des
527 3761 626 3824 Gegen·
679 3762 784 3825 gestrig.
817 3762 844 3809 B.
863 3761 889 3810 C.
914 3762 937 3809 1.
955 3761 1000 3822 74,
1019 3761 1043 3808 7.
1069 3763 1183 3828 pria-tiae

123 3837 207 3879 satzes
221 3830 267 3878 der
278 3829 368 3879 beiden
380 3829 557 3892 llandlungeu,
569 3828 626 3878 illos
680 3827 779 3891 lenitas,
789 3827 912 3876 dieMilde
921 3827 1180 3890 desvorigenTages3

122 3901 170 3946 rot.
181 3900 267 3962 iussit,
284 3897 453 3966 ipseedacit,
473 3897 553 3946 daher
563 3895 626 3945 auch
680 3901 753 3944 sonst
764 3917 799 3938 ιε
809 3895 939 3960 vormalig.
956 3923 989 3932 -
1007 3897 1076 3945 cister
1091 3909 1183 3946 carrae

122 3963 186 4029 onae,
200 3964 333 4014 nichteos.
629 3966 633 3971 ”
682 3961 705 4012 1.
718 3960 759 4025 26,
774 3961 796 4011 l.
