<?xml version="1.0" encoding="UTF-8"?>
<!DOCTYPE html PUBLIC "-//W3C//DTD XHTML 1.0 Transitional//EN"
    "http://www.w3.org/TR/xhtml1/DTD/xhtml1-transitional.dtd">
<html xmlns="http://www.w3.org/1999/xhtml" xml:lang="en" lang="en">
 <head>
  <title>
</title>
<meta http-equiv="Content-Type" content="text/html;charset=utf-8" />
  <meta name='ocr-system' content='tesseract 3.04.00' />
  <meta name='ocr-capabilities' content='ocr_page ocr_carea ocr_par ocr_line ocrx_word'/>
</head>
<body>
  <div class='ocr_page' id='page_1' title='image "./ciuliicaesarisc04krangoog_0074.png"; bbox 0 0 2776 4484; ppageno 0'>
   <div class='ocr_carea' id='block_1_1' title="bbox 546 339 1156 403">
    <p class='ocr_par' dir='ltr' id='par_1_1' title="bbox 546 339 1156 403">
     <span class='ocr_line' id='line_1_1' title="bbox 546 339 1156 403; baseline -0.005 -11"><span class='ocrx_word' id='word_1_1' title='bbox 546 339 567 392; x_wconf 89' lang='lat' dir='ltr'>r.</span> <span class='ocrx_word' id='word_1_2' title='bbox 587 339 703 391; x_wconf 81' lang='lat' dir='ltr'>rs-rs.</span> <span class='ocrx_word' id='word_1_3' title='bbox 1112 339 1156 403; x_wconf 68' lang='lat' dir='ltr'>aa</span> 
     </span>
    </p>
   </div>
   <div class='ocr_carea' id='block_1_2' title="bbox 80 492 1203 2426">
    <p class='ocr_par' dir='ltr' id='par_1_2' title="bbox 80 492 1155 740">
     <span class='ocr_line' id='line_1_2' title="bbox 80 492 1155 571; baseline -0.002 -15"><span class='ocrx_word' id='word_1_4' title='bbox 80 495 125 556; x_wconf 80' lang='lat' dir='ltr'>ab</span> <span class='ocrx_word' id='word_1_5' title='bbox 148 492 190 554; x_wconf 88' lang='lat' dir='ltr'>iis</span> <span class='ocrx_word' id='word_1_6' title='bbox 211 511 274 553; x_wconf 88' lang='lat' dir='ltr'>non</span> <span class='ocrx_word' id='word_1_7' title='bbox 295 492 472 567; x_wconf 87' lang='lat' dir='ltr'>sublevetur;</span> <span class='ocrx_word' id='word_1_8' title='bbox 493 493 665 571; x_wconf 88' lang='lat' dir='ltr'>praesertim</span> <span class='ocrx_word' id='word_1_9' title='bbox 684 507 751 552; x_wconf 92' lang='lat' dir='ltr'>cum</span> <span class='ocrx_word' id='word_1_10' title='bbox 771 507 876 568; x_wconf 81' lang='lat' dir='ltr'>magna</span> <span class='ocrx_word' id='word_1_11' title='bbox 897 508 932 551; x_wconf 83' lang='lat' dir='ltr'>ex</span> <span class='ocrx_word' id='word_1_12' title='bbox 950 499 1032 570; x_wconf 84' lang='lat' dir='ltr'>parte</span> <span class='ocrx_word' id='word_1_13' title='bbox 1051 509 1155 554; x_wconf 81' lang='lat' dir='ltr'>comm</span> 
     </span>
     <span class='ocr_line' id='line_1_3' title="bbox 84 575 1154 658; baseline 0.002 -20"><span class='ocrx_word' id='word_1_14' title='bbox 84 578 232 658; x_wconf 87' lang='lat' dir='ltr'>precibus</span> <span class='ocrx_word' id='word_1_15' title='bbox 248 577 390 638; x_wconf 89' lang='lat' dir='ltr'>adductus</span> <span class='ocrx_word' id='word_1_16' title='bbox 406 577 514 638; x_wconf 89' lang='lat' dir='ltr'>bellum</span> <span class='ocrx_word' id='word_1_17' title='bbox 530 576 699 656; x_wconf 69' lang='lat' dir='ltr'>susceperit,</span> <span class='ocrx_word' id='word_1_18' title='bbox 718 575 810 636; x_wconf 84' lang='lat' dir='ltr'>mrdto</span> <span class='ocrx_word' id='word_1_19' title='bbox 827 575 913 636; x_wconf 91' lang='lat' dir='ltr'>etiam</span> <span class='ocrx_word' id='word_1_20' title='bbox 928 577 1053 654; x_wconf 84' lang='lat' dir='ltr'>gravius,</span> <span class='ocrx_word' id='word_1_21' title='bbox 1073 578 1154 657; x_wconf 87' lang='lat' dir='ltr'>quod</span> 
     </span>
     <span class='ocr_line' id='line_1_4' title="bbox 88 661 739 740; baseline -0.002 -18"><span class='ocrx_word' id='word_1_22' title='bbox 88 664 132 722; x_wconf 90' lang='lat' dir='ltr'>sit</span> <span class='ocrx_word' id='word_1_23' title='bbox 150 662 320 734; x_wconf 73' lang='lat' dir='ltr'>destitutus</span> <span class='ocrx_word' id='word_1_24' title='bbox 335 661 475 740; x_wconf 85' lang='lat' dir='ltr'>queritur.</span> <span class='ocrx_word' id='word_1_25' title='bbox 737 705 739 710; x_wconf 73' lang='lat'><em>·</em></span> 
     </span>
    </p>

    <p class='ocr_par' dir='ltr' id='par_1_3' title="bbox 80 743 1193 1837">
     <span class='ocr_line' id='line_1_5' title="bbox 182 743 1155 824; baseline 0 -18"><span class='ocrx_word' id='word_1_26' title='bbox 182 754 232 814; x_wconf 79' lang='lat'>17,</span> <span class='ocrx_word' id='word_1_27' title='bbox 257 747 334 806; x_wconf 79' lang='lat' dir='ltr'>&#39;l&#39;urn</span> <span class='ocrx_word' id='word_1_28' title='bbox 350 747 469 807; x_wconf 87' lang='lat' dir='ltr'>demum</span> <span class='ocrx_word' id='word_1_29' title='bbox 483 745 586 806; x_wconf 90' lang='lat' dir='ltr'>Liscus</span> <span class='ocrx_word' id='word_1_30' title='bbox 602 743 735 805; x_wconf 88' lang='lat' dir='ltr'>oratione</span> <span class='ocrx_word' id='word_1_31' title='bbox 750 744 879 804; x_wconf 80' lang='lat' dir='ltr'>Caesaris</span> <span class='ocrx_word' id='word_1_32' title='bbox 900 744 1056 818; x_wconf 56' lang='lat' dir='ltr'>adductus</span> <span class='ocrx_word' id='word_1_33' title='bbox 1074 744 1155 824; x_wconf 88' lang='lat' dir='ltr'>quod</span> 
     </span>
     <span class='ocr_line' id='line_1_6' title="bbox 80 827 1155 909; baseline 0.004 -22"><span class='ocrx_word' id='word_1_34' title='bbox 80 841 179 892; x_wconf 68' lang='lat' dir='ltr'>:antea</span> <span class='ocrx_word' id='word_1_35' title='bbox 190 839 327 903; x_wconf 85' lang='lat' dir='ltr'>tacuerat,</span> <span class='ocrx_word' id='word_1_36' title='bbox 338 831 492 909; x_wconf 83' lang='lat' dir='ltr'>proponit:</span> <span class='ocrx_word' id='word_1_37' title='bbox 508 832 580 890; x_wconf 84' lang='lat' dir='ltr'>Esse</span> <span class='ocrx_word' id='word_1_38' title='bbox 591 828 759 901; x_wconf 73' lang='lat' dir='ltr'>nonnullos</span> <span class='ocrx_word' id='word_1_39' title='bbox 770 846 897 906; x_wconf 89' lang='lat' dir='ltr'>quorum</span> <span class='ocrx_word' id='word_1_40' title='bbox 910 827 1065 890; x_wconf 90' lang='lat' dir='ltr'>auctoritas</span> <span class='ocrx_word' id='word_1_41' title='bbox 1077 831 1155 909; x_wconf 92' lang='lat' dir='ltr'>apud</span> 
     </span>
     <span class='ocr_line' id='line_1_7' title="bbox 82 913 1154 994; baseline 0.001 -20"><span class='ocrx_word' id='word_1_42' title='bbox 82 916 210 994; x_wconf 80' lang='lat' dir='ltr'>plebem</span> <span class='ocrx_word' id='word_1_43' title='bbox 222 915 383 994; x_wconf 91' lang='lat' dir='ltr'>plurimum</span> <span class='ocrx_word' id='word_1_44' title='bbox 395 915 493 987; x_wconf 91' lang='lat' dir='ltr'>valeat,</span> <span class='ocrx_word' id='word_1_45' title='bbox 510 914 558 994; x_wconf 82' lang='lat' dir='ltr'>qni</span> <span class='ocrx_word' id='word_1_46' title='bbox 571 913 705 994; x_wconf 89' lang='lat' dir='ltr'>privatim</span> <span class='ocrx_word' id='word_1_47' title='bbox 717 913 783 991; x_wconf 90' lang='lat' dir='ltr'>plus</span> <span class='ocrx_word' id='word_1_48' title='bbox 797 913 912 990; x_wconf 83' lang='lat' dir='ltr'>possint</span> <span class='ocrx_word' id='word_1_49' title='bbox 924 931 1010 992; x_wconf 89' lang='lat' dir='ltr'>quam</span> <span class='ocrx_word' id='word_1_50' title='bbox 1022 913 1079 992; x_wconf 93' lang='lat' dir='ltr'>ipsi</span> <span class='ocrx_word' id='word_1_51' title='bbox 1090 933 1154 976; x_wconf 85' lang='lat' dir='ltr'>ma-</span> 
     </span>
     <span class='ocr_line' id='line_1_8' title="bbox 86 997 1189 1077; baseline 0.002 -19"><span class='ocrx_word' id='word_1_52' title='bbox 86 1001 242 1077; x_wconf 79' lang='lat' dir='ltr'>gistratus</span> <span class='ocrx_word' id='word_1_53' title='bbox 278 999 341 1059; x_wconf 93' lang='lat' dir='ltr'>Hos</span> <span class='ocrx_word' id='word_1_54' title='bbox 362 999 500 1059; x_wconf 87' lang='lat' dir='ltr'>seditiosa</span> <span class='ocrx_word' id='word_1_55' title='bbox 520 1006 606 1077; x_wconf 91' lang='lat' dir='ltr'>atque</span> <span class='ocrx_word' id='word_1_56' title='bbox 626 997 761 1076; x_wconf 89' lang='lat' dir='ltr'>improba</span> <span class='ocrx_word' id='word_1_57' title='bbox 787 997 917 1057; x_wconf 90' lang='lat' dir='ltr'>oratione</span> <span class='ocrx_word' id='word_1_58' title='bbox 937 997 1151 1059; x_wconf 79' lang='lat' dir='ltr'>multitudinem</span> <span class='ocrx_word' id='word_1_59' title='bbox 1172 1007 1189 1060; x_wconf 83' lang='lat'>2</span> 
     </span>
     <span class='ocr_line' id='line_1_9' title="bbox 82 1082 1191 1160; baseline 0.002 -17"><span class='ocrx_word' id='word_1_60' title='bbox 82 1085 254 1157; x_wconf 78' lang='lat' dir='ltr'>deterrere,</span> <span class='ocrx_word' id='word_1_61' title='bbox 273 1101 311 1158; x_wconf 82' lang='lat' dir='ltr'>ne</span> <span class='ocrx_word' id='word_1_62' title='bbox 326 1085 505 1143; x_wconf 82' lang='lat' dir='ltr'>trumentum</span> <span class='ocrx_word' id='word_1_63' title='bbox 525 1085 688 1155; x_wconf 80' lang='lat' dir='ltr'>conterant,</span> <span class='ocrx_word' id='word_1_64' title='bbox 708 1082 787 1160; x_wconf 91' lang='lat' dir='ltr'>quod</span> <span class='ocrx_word' id='word_1_65' title='bbox 806 1090 952 1160; x_wconf 89' lang='lat' dir='ltr'>praestare</span> <span class='ocrx_word' id='word_1_66' title='bbox 972 1082 1107 1144; x_wconf 91' lang='lat' dir='ltr'>debeant:</span> <span class='ocrx_word' id='word_1_67' title='bbox 1128 1082 1153 1145; x_wconf 87' lang='lat' dir='ltr'>si</span> <span class='ocrx_word' id='word_1_68' title='bbox 1174 1089 1191 1144; x_wconf 82' lang='grc'>3</span> 
     </span>
     <span class='ocr_line' id='line_1_10' title="bbox 87 1166 1153 1247; baseline 0.001 -19"><span class='ocrx_word' id='word_1_69' title='bbox 87 1169 153 1228; x_wconf 82' lang='grc'><strong>1313</strong></span> <span class='ocrx_word' id='word_1_70' title='bbox 172 1168 371 1247; x_wconf 81' lang='lat' dir='ltr'>principatum</span> <span class='ocrx_word' id='word_1_71' title='bbox 392 1168 496 1228; x_wconf 89' lang='lat' dir='ltr'>Galliae</span> <span class='ocrx_word' id='word_1_72' title='bbox 516 1168 647 1228; x_wconf 90' lang='lat' dir='ltr'>obtinere</span> <span class='ocrx_word' id='word_1_73' title='bbox 668 1185 728 1232; x_wconf 90' lang='lat' dir='ltr'>non</span> <span class='ocrx_word' id='word_1_74' title='bbox 749 1167 877 1244; x_wconf 87' lang='lat' dir='ltr'>possint,</span> <span class='ocrx_word' id='word_1_75' title='bbox 897 1166 1045 1226; x_wconf 88' lang='lat' dir='ltr'>Gallorum</span> <span class='ocrx_word' id='word_1_76' title='bbox 1065 1185 1153 1247; x_wconf 89' lang='lat' dir='ltr'>quam</span> 
     </span>
     <span class='ocr_line' id='line_1_11' title="bbox 87 1251 1192 1332; baseline 0 -19"><span class='ocrx_word' id='word_1_77' title='bbox 87 1254 300 1314; x_wconf 87' lang='lat' dir='ltr'>Romanorum</span> <span class='ocrx_word' id='word_1_78' title='bbox 315 1251 435 1331; x_wconf 90' lang='lat' dir='ltr'>imperia</span> <span class='ocrx_word' id='word_1_79' title='bbox 456 1253 613 1330; x_wconf 81' lang='lat' dir='ltr'>praeferre,</span> <span class='ocrx_word' id='word_1_80' title='bbox 633 1269 727 1330; x_wconf 90' lang='lat' dir='ltr'>neque</span> <span class='ocrx_word' id='word_1_81' title='bbox 746 1251 876 1311; x_wconf 89' lang='lat' dir='ltr'>dubitare</span> <span class='ocrx_word' id='word_1_82' title='bbox 899 1251 1054 1328; x_wconf 85' lang='lat' dir='ltr'>[debeant],</span> <span class='ocrx_word' id='word_1_83' title='bbox 1074 1253 1153 1332; x_wconf 89' lang='lat' dir='ltr'>quin,</span> <span class='ocrx_word' id='word_1_84' title='bbox 1174 1259 1192 1313; x_wconf 81' lang='lat' dir='ltr'>t</span> 
     </span>
     <span class='ocr_line' id='line_1_12' title="bbox 87 1335 1154 1415; baseline 0.002 -19"><span class='ocrx_word' id='word_1_85' title='bbox 87 1339 119 1397; x_wconf 91' lang='lat' dir='ltr'>si</span> <span class='ocrx_word' id='word_1_86' title='bbox 140 1338 288 1397; x_wconf 88' lang='lat' dir='ltr'>Helvetios</span> <span class='ocrx_word' id='word_1_87' title='bbox 308 1337 507 1415; x_wconf 84' lang='lat' dir='ltr'>superaverint</span> <span class='ocrx_word' id='word_1_88' title='bbox 527 1336 666 1407; x_wconf 86' lang='lat' dir='ltr'>Romani,</span> <span class='ocrx_word' id='word_1_89' title='bbox 686 1352 744 1395; x_wconf 91' lang='lat' dir='ltr'>una</span> <span class='ocrx_word' id='word_1_90' title='bbox 764 1353 831 1395; x_wconf 93' lang='lat' dir='ltr'>cum</span> <span class='ocrx_word' id='word_1_91' title='bbox 850 1335 958 1413; x_wconf 92' lang='lat' dir='ltr'>reliqua</span> <span class='ocrx_word' id='word_1_92' title='bbox 974 1335 1062 1396; x_wconf 89' lang='lat' dir='ltr'>Gallia</span> <span class='ocrx_word' id='word_1_93' title='bbox 1076 1337 1154 1398; x_wconf 84' lang='lat' dir='ltr'>llae-</span> 
     </span>
     <span class='ocr_line' id='line_1_13' title="bbox 91 1419 1192 1500; baseline 0.003 -19"><span class='ocrx_word' id='word_1_94' title='bbox 91 1423 160 1482; x_wconf 91' lang='lat' dir='ltr'>duis</span> <span class='ocrx_word' id='word_1_95' title='bbox 176 1422 340 1482; x_wconf 91' lang='lat' dir='ltr'>libertatem</span> <span class='ocrx_word' id='word_1_96' title='bbox 355 1421 414 1482; x_wconf 92' lang='lat' dir='ltr'>sint</span> <span class='ocrx_word' id='word_1_97' title='bbox 426 1421 561 1499; x_wconf 90' lang='lat' dir='ltr'>erepturi.</span> <span class='ocrx_word' id='word_1_98' title='bbox 588 1420 631 1480; x_wconf 80' lang='lat' dir='ltr'>Ab</span> <span class='ocrx_word' id='word_1_99' title='bbox 647 1420 756 1479; x_wconf 90' lang='lat' dir='ltr'>eisdem</span> <span class='ocrx_word' id='word_1_100' title='bbox 771 1429 874 1481; x_wconf 90' lang='lat' dir='ltr'>nostra</span> <span class='ocrx_word' id='word_1_101' title='bbox 889 1419 1010 1480; x_wconf 91' lang='lat' dir='ltr'>consilia</span> <span class='ocrx_word' id='word_1_102' title='bbox 1025 1437 1155 1500; x_wconf 85' lang='lat' dir='ltr'>quaeque</span> <span class='ocrx_word' id='word_1_103' title='bbox 1175 1431 1192 1484; x_wconf 81' lang='lat' dir='ltr'>t</span> 
     </span>
     <span class='ocr_line' id='line_1_14' title="bbox 87 1504 1155 1582; baseline 0.001 -17"><span class='ocrx_word' id='word_1_104' title='bbox 87 1507 125 1566; x_wconf 84' lang='lat' dir='ltr'>in</span> <span class='ocrx_word' id='word_1_105' title='bbox 139 1506 249 1569; x_wconf 69' lang='lat' dir='ltr'>castris</span> <span class='ocrx_word' id='word_1_106' title='bbox 270 1515 408 1582; x_wconf 80' lang='lat' dir='ltr'>gerantur</span> <span class='ocrx_word' id='word_1_107' title='bbox 426 1505 560 1566; x_wconf 80' lang='lat' dir='ltr'>hostibus</span> <span class='ocrx_word' id='word_1_108' title='bbox 580 1504 738 1565; x_wconf 90' lang='lat' dir='ltr'>enuntiari:</span> <span class='ocrx_word' id='word_1_109' title='bbox 764 1505 821 1565; x_wconf 91' lang='lat' dir='ltr'>hos</span> <span class='ocrx_word' id='word_1_110' title='bbox 848 1525 864 1563; x_wconf 96' lang='lat' dir='ltr'>a</span> <span class='ocrx_word' id='word_1_111' title='bbox 889 1523 921 1563; x_wconf 93' lang='lat' dir='ltr'>se</span> <span class='ocrx_word' id='word_1_112' title='bbox 946 1506 1072 1564; x_wconf 77' lang='lat' dir='ltr'>coerceri</span> <span class='ocrx_word' id='word_1_113' title='bbox 1092 1523 1155 1566; x_wconf 91' lang='lat' dir='ltr'>non</span> 
     </span>
     <span class='ocr_line' id='line_1_15' title="bbox 91 1588 1193 1670; baseline 0.003 -21"><span class='ocrx_word' id='word_1_114' title='bbox 91 1611 194 1670; x_wconf 83' lang='lat' dir='ltr'>posse.</span> <span class='ocrx_word' id='word_1_115' title='bbox 224 1590 303 1662; x_wconf 82' lang='lat' dir='ltr'>Quin</span> <span class='ocrx_word' id='word_1_116' title='bbox 319 1591 413 1662; x_wconf 86' lang='lat' dir='ltr'>etiam,</span> <span class='ocrx_word' id='word_1_117' title='bbox 429 1591 507 1669; x_wconf 90' lang='lat' dir='ltr'>quod</span> <span class='ocrx_word' id='word_1_118' title='bbox 523 1589 716 1650; x_wconf 91' lang='lat' dir='ltr'>necessariam</span> <span class='ocrx_word' id='word_1_119' title='bbox 727 1608 791 1648; x_wconf 88' lang='lat' dir='ltr'>rem</span> <span class='ocrx_word' id='word_1_120' title='bbox 804 1595 920 1648; x_wconf 90' lang='lat' dir='ltr'>coactus</span> <span class='ocrx_word' id='word_1_121' title='bbox 934 1588 1048 1648; x_wconf 86' lang='lat' dir='ltr'>Caesari</span> <span class='ocrx_word' id='word_1_122' title='bbox 1059 1607 1154 1650; x_wconf 90' lang='lat' dir='ltr'>enun-</span> <span class='ocrx_word' id='word_1_123' title='bbox 1174 1597 1193 1652; x_wconf 77' lang='grc'><strong>6</strong></span> 
     </span>
     <span class='ocr_line' id='line_1_16' title="bbox 89 1672 1155 1752; baseline 0 -18"><span class='ocrx_word' id='word_1_124' title='bbox 89 1675 180 1748; x_wconf 85' lang='lat' dir='ltr'>tiarit,</span> <span class='ocrx_word' id='word_1_125' title='bbox 196 1675 362 1752; x_wconf 83' lang='lat' dir='ltr'>intellegere</span> <span class='ocrx_word' id='word_1_126' title='bbox 377 1693 450 1746; x_wconf 87' lang='lat' dir='ltr'>sese,</span> <span class='ocrx_word' id='word_1_127' title='bbox 470 1682 579 1752; x_wconf 86' lang='lat' dir='ltr'>quanto</span> <span class='ocrx_word' id='word_1_128' title='bbox 595 1673 625 1733; x_wconf 92' lang='lat' dir='ltr'>id</span> <span class='ocrx_word' id='word_1_129' title='bbox 641 1691 708 1732; x_wconf 92' lang='lat' dir='ltr'>cum</span> <span class='ocrx_word' id='word_1_130' title='bbox 724 1672 851 1752; x_wconf 91' lang='lat' dir='ltr'>periculo</span> <span class='ocrx_word' id='word_1_131' title='bbox 868 1672 973 1744; x_wconf 83' lang='lat' dir='ltr'>lecerit,</span> <span class='ocrx_word' id='word_1_132' title='bbox 993 1679 1021 1732; x_wconf 90' lang='lat' dir='ltr'>et</span> <span class='ocrx_word' id='word_1_133' title='bbox 1037 1674 1155 1734; x_wconf 89' lang='lat' dir='ltr'>obeam</span> 
     </span>
     <span class='ocr_line' id='line_1_17' title="bbox 89 1757 696 1837; baseline -0.005 -18"><span class='ocrx_word' id='word_1_134' title='bbox 89 1778 224 1832; x_wconf 79' lang='lat' dir='ltr'>eausam,</span> <span class='ocrx_word' id='word_1_135' title='bbox 242 1777 329 1837; x_wconf 86' lang='lat' dir='ltr'>quarn</span> <span class='ocrx_word' id='word_1_136' title='bbox 346 1758 395 1818; x_wconf 89' lang='lat' dir='ltr'>diu</span> <span class='ocrx_word' id='word_1_137' title='bbox 410 1759 547 1837; x_wconf 88' lang='lat' dir='ltr'>potuerit,</span> <span class='ocrx_word' id='word_1_138' title='bbox 563 1757 696 1818; x_wconf 89' lang='lat' dir='ltr'>tacuisse.</span> 
     </span>
    </p>

    <p class='ocr_par' dir='ltr' id='par_1_4' title="bbox 88 1840 1203 2426">
     <span class='ocr_line' id='line_1_18' title="bbox 182 1840 1154 1918; baseline -0.001 -14"><span class='ocrx_word' id='word_1_139' title='bbox 182 1849 232 1909; x_wconf 85' lang='lat'>18.</span> <span class='ocrx_word' id='word_1_140' title='bbox 256 1843 360 1903; x_wconf 83' lang='lat' dir='ltr'>Caesar</span> <span class='ocrx_word' id='word_1_141' title='bbox 371 1843 425 1902; x_wconf 91' lang='lat' dir='ltr'>hac</span> <span class='ocrx_word' id='word_1_142' title='bbox 437 1841 874 1918; x_wconf 85' lang='lat' dir='ltr'>orationeLisciDumnorigem,</span> <span class='ocrx_word' id='word_1_143' title='bbox 885 1840 1012 1900; x_wconf 88' lang='lat' dir='ltr'>Divitiaci</span> <span class='ocrx_word' id='word_1_144' title='bbox 1025 1841 1154 1915; x_wconf 80' lang='lat' dir='ltr'>fratrem,</span> 
     </span>
     <span class='ocr_line' id='line_1_19' title="bbox 88 1924 1155 2005; baseline 0 -18"><span class='ocrx_word' id='word_1_145' title='bbox 88 1927 244 2005; x_wconf 84' lang='lat' dir='ltr'>designari</span> <span class='ocrx_word' id='word_1_146' title='bbox 261 1926 414 2000; x_wconf 79' lang='lat' dir='ltr'>sentiebat,</span> <span class='ocrx_word' id='word_1_147' title='bbox 435 1927 498 1999; x_wconf 88' lang='lat' dir='ltr'>sed,</span> <span class='ocrx_word' id='word_1_148' title='bbox 519 1926 598 2005; x_wconf 85' lang='lat' dir='ltr'>quod</span> <span class='ocrx_word' id='word_1_149' title='bbox 618 1925 750 2005; x_wconf 89' lang='lat' dir='ltr'>pluribus</span> <span class='ocrx_word' id='word_1_150' title='bbox 765 1924 967 2003; x_wconf 90' lang='lat' dir='ltr'>praesentibus</span> <span class='ocrx_word' id='word_1_151' title='bbox 985 1943 1033 1985; x_wconf 89' lang='lat' dir='ltr'>eas</span> <span class='ocrx_word' id='word_1_152' title='bbox 1048 1943 1095 1986; x_wconf 85' lang='lat' dir='ltr'>res</span> <span class='ocrx_word' id='word_1_153' title='bbox 1111 1926 1155 1988; x_wconf 88' lang='lat' dir='ltr'>ia·</span> 
     </span>
     <span class='ocr_line' id='line_1_20' title="bbox 95 2009 1191 2084; baseline -0.002 -12"><span class='ocrx_word' id='word_1_154' title='bbox 95 2013 165 2072; x_wconf 85' lang='lat' dir='ltr'>ctan‘</span> <span class='ocrx_word' id='word_1_155' title='bbox 177 2011 305 2084; x_wconf 85' lang='lat' dir='ltr'>nolebat,</span> <span class='ocrx_word' id='word_1_156' title='bbox 321 2010 449 2071; x_wconf 84' lang='lat' dir='ltr'>celeriter</span> <span class='ocrx_word' id='word_1_157' title='bbox 461 2011 616 2072; x_wconf 76' lang='lat' dir='ltr'>concilium</span> <span class='ocrx_word' id='word_1_158' title='bbox 628 2009 753 2080; x_wconf 84' lang='lat' dir='ltr'>dimittit,</span> <span class='ocrx_word' id='word_1_159' title='bbox 768 2009 887 2069; x_wconf 89' lang='lat' dir='ltr'>Liscum</span> <span class='ocrx_word' id='word_1_160' title='bbox 898 2009 1019 2070; x_wconf 61' lang='lat' dir='ltr'>retinet.v</span> <span class='ocrx_word' id='word_1_161' title='bbox 1035 2011 1154 2083; x_wconf 83' lang='lat' dir='ltr'>Quaerit</span> <span class='ocrx_word' id='word_1_162' title='bbox 1174 2017 1191 2070; x_wconf 84' lang='lat'>2</span> 
     </span>
     <span class='ocr_line' id='line_1_21' title="bbox 89 2093 1153 2174; baseline 0 -18"><span class='ocrx_word' id='word_1_163' title='bbox 89 2115 129 2156; x_wconf 61' lang='lat' dir='ltr'>vert</span> <span class='ocrx_word' id='word_1_164' title='bbox 144 2097 210 2156; x_wconf 93' lang='lat' dir='ltr'>solo</span> <span class='ocrx_word' id='word_1_165' title='bbox 226 2115 275 2168; x_wconf 84' lang='lat' dir='ltr'>ea,</span> <span class='ocrx_word' id='word_1_166' title='bbox 297 2095 414 2174; x_wconf 89' lang='lat' dir='ltr'>quaein</span> <span class='ocrx_word' id='word_1_167' title='bbox 431 2103 575 2155; x_wconf 92' lang='lat' dir='ltr'>conventu</span> <span class='ocrx_word' id='word_1_168' title='bbox 591 2094 708 2155; x_wconf 87' lang='lat' dir='ltr'>dixerat.</span> <span class='ocrx_word' id='word_1_169' title='bbox 739 2093 814 2153; x_wconf 81' lang='lat' dir='ltr'>llicit</span> <span class='ocrx_word' id='word_1_170' title='bbox 829 2093 946 2154; x_wconf 89' lang='lat' dir='ltr'>liberius</span> <span class='ocrx_word' id='word_1_171' title='bbox 963 2102 1048 2172; x_wconf 90' lang='lat' dir='ltr'>atque</span> <span class='ocrx_word' id='word_1_172' title='bbox 1063 2096 1153 2156; x_wconf 88' lang='lat' dir='ltr'>anda·</span> 
     </span>
     <span class='ocr_line' id='line_1_22' title="bbox 95 2178 1191 2258; baseline -0.003 -18"><span class='ocrx_word' id='word_1_173' title='bbox 95 2182 165 2240; x_wconf 86' lang='lat' dir='ltr'>cius.</span> <span class='ocrx_word' id='word_1_174' title='bbox 192 2180 302 2240; x_wconf 89' lang='lat' dir='ltr'>Eadem</span> <span class='ocrx_word' id='word_1_175' title='bbox 324 2188 434 2240; x_wconf 86' lang='lat' dir='ltr'>secreto</span> <span class='ocrx_word' id='word_1_176' title='bbox 456 2180 492 2239; x_wconf 89' lang='lat' dir='ltr'>ab</span> <span class='ocrx_word' id='word_1_177' title='bbox 513 2179 574 2240; x_wconf 89' lang='lat' dir='ltr'>aliis</span> <span class='ocrx_word' id='word_1_178' title='bbox 595 2178 720 2257; x_wconf 78' lang='lat' dir='ltr'>quaerit3</span> <span class='ocrx_word' id='word_1_179' title='bbox 740 2178 847 2256; x_wconf 87' lang='lat' dir='ltr'>reperit</span> <span class='ocrx_word' id='word_1_180' title='bbox 867 2197 931 2238; x_wconf 88' lang='lat' dir='ltr'>esse</span> <span class='ocrx_word' id='word_1_181' title='bbox 951 2196 1030 2238; x_wconf 91' lang='lat' dir='ltr'>vera:</span> <span class='ocrx_word' id='word_1_182' title='bbox 1053 2179 1154 2258; x_wconf 91' lang='lat' dir='ltr'>lpsum</span> <span class='ocrx_word' id='word_1_183' title='bbox 1175 2183 1191 2237; x_wconf 82' lang='grc'>3</span> 
     </span>
     <span class='ocr_line' id='line_1_23' title="bbox 90 2262 1155 2342; baseline 0 -18"><span class='ocrx_word' id='word_1_184' title='bbox 90 2284 158 2325; x_wconf 85' lang='lat' dir='ltr'>esse</span> <span class='ocrx_word' id='word_1_185' title='bbox 173 2264 398 2341; x_wconf 79' lang='lat' dir='ltr'>Dumnorigem,</span> <span class='ocrx_word' id='word_1_186' title='bbox 414 2282 529 2324; x_wconf 91' lang='lat' dir='ltr'>summa</span> <span class='ocrx_word' id='word_1_187' title='bbox 545 2263 675 2335; x_wconf 89' lang='lat' dir='ltr'>audacia,</span> <span class='ocrx_word' id='word_1_188' title='bbox 690 2281 796 2340; x_wconf 80' lang='lat' dir='ltr'>magna</span> <span class='ocrx_word' id='word_1_189' title='bbox 811 2263 888 2340; x_wconf 91' lang='lat' dir='ltr'>apud</span> <span class='ocrx_word' id='word_1_190' title='bbox 904 2262 1016 2340; x_wconf 88' lang='lat' dir='ltr'>plebem</span> <span class='ocrx_word' id='word_1_191' title='bbox 1032 2271 1155 2342; x_wconf 89' lang='lat' dir='ltr'>propter</span> 
     </span>
     <span class='ocr_line' id='line_1_24' title="bbox 91 2346 1203 2426; baseline 0 -17"><span class='ocrx_word' id='word_1_192' title='bbox 91 2347 293 2410; x_wconf 90' lang='lat' dir='ltr'>liberalitatem</span> <span class='ocrx_word' id='word_1_193' title='bbox 308 2348 407 2426; x_wconf 81' lang='lat' dir='ltr'>gratia,</span> <span class='ocrx_word' id='word_1_194' title='bbox 427 2348 566 2426; x_wconf 91' lang='lat' dir='ltr'>cupidum</span> <span class='ocrx_word' id='word_1_195' title='bbox 581 2366 680 2408; x_wconf 89' lang='lat' dir='ltr'>rerum</span> <span class='ocrx_word' id='word_1_196' title='bbox 695 2365 846 2408; x_wconf 91' lang='lat' dir='ltr'>novarum.</span> <span class='ocrx_word' id='word_1_197' title='bbox 878 2346 1043 2425; x_wconf 87' lang='lat' dir='ltr'>Compluris</span> <span class='ocrx_word' id='word_1_198' title='bbox 1059 2365 1155 2409; x_wconf 90' lang='lat' dir='ltr'>annos</span> <span class='ocrx_word' id='word_1_199' title='bbox 1196 2383 1203 2392; x_wconf 83' lang='lat'><strong>·</strong></span> 
     </span>
    </p>
   </div>
   <div class='ocr_carea' id='block_1_3' title="bbox 82 2476 600 3761">
    <p class='ocr_par' dir='ltr' id='par_1_5' title="bbox 89 2476 599 2749">
     <span class='ocr_line' id='line_1_25' title="bbox 130 2476 599 2553; baseline -0.002 -19"><span class='ocrx_word' id='word_1_200' title='bbox 130 2476 182 2536; x_wconf 78' lang='grc'>17.</span> <span class='ocrx_word' id='word_1_201' title='bbox 204 2484 226 2533; x_wconf 91' lang='grc'>1.</span> <span class='ocrx_word' id='word_1_202' title='bbox 241 2489 377 2553; x_wconf 82' lang='lat' dir='ltr'>proponit.-</span> <span class='ocrx_word' id='word_1_203' title='bbox 397 2485 482 2546; x_wconf 81' lang='lat' dir='ltr'>hringt</span> <span class='ocrx_word' id='word_1_204' title='bbox 498 2500 552 2534; x_wconf 90' lang='lat' dir='ltr'>vor.</span> <span class='ocrx_word' id='word_1_205' title='bbox 565 2511 599 2520; x_wconf 90' lang='lat'><em>—</em></span> 
     </span>
     <span class='ocr_line' id='line_1_26' title="bbox 89 2552 599 2621; baseline -0.002 -19"><span class='ocrx_word' id='word_1_206' title='bbox 89 2555 230 2621; x_wconf 66' lang='grc'><strong>33131331</strong></span> <span class='ocrx_word' id='word_1_207' title='bbox 252 2553 276 2601; x_wconf 93' lang='grc'>13</span> <span class='ocrx_word' id='word_1_208' title='bbox 293 2554 348 2602; x_wconf 89' lang='lat' dir='ltr'>dem</span> <span class='ocrx_word' id='word_1_209' title='bbox 364 2552 541 2602; x_wconf 83' lang='lat' dir='ltr'>Verb&#39;tiltnissc</span> <span class='ocrx_word' id='word_1_210' title='bbox 560 2553 599 2601; x_wconf 89' lang='lat' dir='ltr'>als</span> 
     </span>
     <span class='ocr_line' id='line_1_27' title="bbox 92 2620 599 2684; baseline -0.004 -14"><span class='ocrx_word' id='word_1_211' title='bbox 92 2620 599 2684; x_wconf 86' lang='lat' dir='ltr'>Privatleutc,demSiunennch=priva-</span> 
     </span>
     <span class='ocr_line' id='line_1_28' title="bbox 92 2685 598 2749; baseline -0.002 -12"><span class='ocrx_word' id='word_1_212' title='bbox 92 2690 122 2738; x_wconf 90' lang='lat' dir='ltr'>ti.</span> <span class='ocrx_word' id='word_1_213' title='bbox 139 2688 165 2736; x_wconf 90' lang='lat' dir='ltr'>S.</span> <span class='ocrx_word' id='word_1_214' title='bbox 176 2703 209 2735; x_wconf 90' lang='lat' dir='ltr'>zu</span> <span class='ocrx_word' id='word_1_215' title='bbox 219 2685 273 2749; x_wconf 86' lang='lat'><strong>3.2‚</strong></span> <span class='ocrx_word' id='word_1_216' title='bbox 281 2686 305 2736; x_wconf 87' lang='grc'>3.</span> <span class='ocrx_word' id='word_1_217' title='bbox 319 2688 371 2737; x_wconf 88' lang='grc' dir='ltr'>Ζ31</span> <span class='ocrx_word' id='word_1_218' title='bbox 381 2687 460 2737; x_wconf 88' lang='lat' dir='ltr'>Saehe</span> <span class='ocrx_word' id='word_1_219' title='bbox 470 2702 491 2735; x_wconf 92' lang='lat' dir='ltr'>s.</span> <span class='ocrx_word' id='word_1_220' title='bbox 502 2702 533 2735; x_wconf 84' lang='lat' dir='ltr'>zu</span> <span class='ocrx_word' id='word_1_221' title='bbox 543 2686 566 2749; x_wconf 89' lang='lat'>3,</span> <span class='ocrx_word' id='word_1_222' title='bbox 574 2686 598 2736; x_wconf 91' lang='grc'>4.</span> 
     </span>
    </p>

    <p class='ocr_par' dir='ltr' id='par_1_6' title="bbox 82 2754 599 3221">
     <span class='ocr_line' id='line_1_29' title="bbox 128 2754 598 2821; baseline 0.002 -19"><span class='ocrx_word' id='word_1_223' title='bbox 128 2755 153 2803; x_wconf 85' lang='grc'>3.</span> <span class='ocrx_word' id='word_1_224' title='bbox 170 2756 316 2821; x_wconf 73' lang='lat' dir='ltr'>praeferre,</span> <span class='ocrx_word' id='word_1_225' title='bbox 331 2771 411 2820; x_wconf 78' lang='lat' dir='ltr'>neque</span> <span class='ocrx_word' id='word_1_226' title='bbox 423 2754 546 2818; x_wconf 80' lang='lat' dir='ltr'>dubitare,</span> <span class='ocrx_word' id='word_1_227' title='bbox 560 2755 598 2804; x_wconf 93' lang='lat' dir='ltr'>als</span> 
     </span>
     <span class='ocr_line' id='line_1_30' title="bbox 93 2822 599 2888; baseline -0.006 -15"><span class='ocrx_word' id='word_1_228' title='bbox 93 2822 216 2884; x_wconf 87' lang='grc'><strong>11313335</strong></span> <span class='ocrx_word' id='word_1_229' title='bbox 239 2823 286 2872; x_wconf 83' lang='grc'><strong>(131</strong></span> <span class='ocrx_word' id='word_1_230' title='bbox 309 2822 425 2873; x_wconf 80' lang='lat' dir='ltr'>nonnulli</span> <span class='ocrx_word' id='word_1_231' title='bbox 452 2824 501 2883; x_wconf 79' lang='lat' dir='ltr'>(se</span> <span class='ocrx_word' id='word_1_232' title='bbox 523 2837 599 2888; x_wconf 82' lang='lat' dir='ltr'>proe-</span> 
     </span>
     <span class='ocr_line' id='line_1_31' title="bbox 82 2889 599 2956; baseline -0.006 -16"><span class='ocrx_word' id='word_1_233' title='bbox 82 2891 190 2956; x_wconf 69' lang='lat' dir='ltr'>stare),</span> <span class='ocrx_word' id='word_1_234' title='bbox 204 2891 244 2938; x_wconf 89' lang='lat' dir='ltr'>die</span> <span class='ocrx_word' id='word_1_235' title='bbox 260 2891 372 2952; x_wconf 82' lang='lat' dir='ltr'>zugleich</span> <span class='ocrx_word' id='word_1_236' title='bbox 381 2889 545 2952; x_wconf 76' lang='lat' dir='ltr'>inassgcbcnd</span> <span class='ocrx_word' id='word_1_237' title='bbox 559 2889 599 2938; x_wconf 78' lang='lat' dir='ltr'>nir</span> 
     </span>
     <span class='ocr_line' id='line_1_32' title="bbox 94 2957 598 3007; baseline -0.004 -1"><span class='ocrx_word' id='word_1_238' title='bbox 94 2957 134 3006; x_wconf 89' lang='lat' dir='ltr'>die</span> <span class='ocrx_word' id='word_1_239' title='bbox 147 2957 251 3006; x_wconf 76' lang='lat' dir='ltr'>lldduer</span> <span class='ocrx_word' id='word_1_240' title='bbox 268 2957 321 3007; x_wconf 89' lang='lat' dir='ltr'>scin</span> <span class='ocrx_word' id='word_1_241' title='bbox 338 2958 387 3006; x_wconf 91' lang='lat' dir='ltr'>und</span> <span class='ocrx_word' id='word_1_242' title='bbox 406 2959 445 3007; x_wconf 86' lang='lat' dir='ltr'>ihr</span> <span class='ocrx_word' id='word_1_243' title='bbox 457 2957 598 3007; x_wconf 84' lang='lat' dir='ltr'>Vcrfahrcu</span> 
     </span>
     <span class='ocr_line' id='line_1_33' title="bbox 94 3024 599 3088; baseline -0.004 -14"><span class='ocrx_word' id='word_1_244' title='bbox 94 3024 243 3078; x_wconf 88' lang='lat' dir='ltr'>bestimmen</span> <span class='ocrx_word' id='word_1_245' title='bbox 254 3025 311 3074; x_wconf 85' lang='lat' dir='ltr'>soll.</span> <span class='ocrx_word' id='word_1_246' title='bbox 326 3025 394 3088; x_wconf 82' lang='lat' dir='ltr'>[Dies</span> <span class='ocrx_word' id='word_1_247' title='bbox 404 3026 448 3074; x_wconf 87' lang='lat' dir='ltr'>hut</span> <span class='ocrx_word' id='word_1_248' title='bbox 456 3040 511 3074; x_wconf 88' lang='lat' dir='ltr'>man</span> <span class='ocrx_word' id='word_1_249' title='bbox 521 3025 599 3073; x_wconf 87' lang='lat' dir='ltr'>durch</span> 
     </span>
     <span class='ocr_line' id='line_1_34' title="bbox 92 3091 598 3155; baseline 0 -14"><span class='ocrx_word' id='word_1_250' title='bbox 92 3091 203 3142; x_wconf 81' lang='lat' dir='ltr'>debeant</span> <span class='ocrx_word' id='word_1_251' title='bbox 219 3092 372 3141; x_wconf 87' lang='lat' dir='ltr'>bezeichnen</span> <span class='ocrx_word' id='word_1_252' title='bbox 389 3093 500 3155; x_wconf 82' lang='lat' dir='ltr'>wellen]</span> <span class='ocrx_word' id='word_1_253' title='bbox 528 3091 554 3141; x_wconf 89' lang='lat' dir='ltr'>S.</span> <span class='ocrx_word' id='word_1_254' title='bbox 574 3092 598 3141; x_wconf 79' lang='grc'>1.</span> 
     </span>
     <span class='ocr_line' id='line_1_35' title="bbox 96 3159 591 3221; baseline -0.004 -13"><span class='ocrx_word' id='word_1_255' title='bbox 96 3159 136 3221; x_wconf 84' lang='grc'>14,</span> <span class='ocrx_word' id='word_1_256' title='bbox 152 3159 191 3208; x_wconf 90' lang='lat'>10.</span> <span class='ocrx_word' id='word_1_257' title='bbox 589 3193 591 3196; x_wconf 88' lang='lat'>-</span> 
     </span>
    </p>

    <p class='ocr_par' dir='ltr' id='par_1_7' title="bbox 89 3226 600 3614">
     <span class='ocr_line' id='line_1_36' title="bbox 128 3226 590 3294; baseline 0.002 -20"><span class='ocrx_word' id='word_1_258' title='bbox 128 3227 152 3274; x_wconf 77' lang='lat' dir='ltr'>l.</span> <span class='ocrx_word' id='word_1_259' title='bbox 171 3226 402 3294; x_wconf 73' lang='grc'><strong>133313133311111</strong></span> <span class='ocrx_word' id='word_1_260' title='bbox 411 3227 459 3276; x_wconf 88' lang='grc'><strong>(133</strong></span> <span class='ocrx_word' id='word_1_261' title='bbox 469 3226 590 3276; x_wconf 87' lang='lat' dir='ltr'>Coniunct</span> 
     </span>
     <span class='ocr_line' id='line_1_37' title="bbox 90 3293 600 3358; baseline -0.004 -14"><span class='ocrx_word' id='word_1_262' title='bbox 90 3294 150 3345; x_wconf 82' lang='lat' dir='ltr'>Fut.</span> <span class='ocrx_word' id='word_1_263' title='bbox 161 3300 245 3343; x_wconf 88' lang='lat' dir='ltr'>exact.</span> <span class='ocrx_word' id='word_1_264' title='bbox 258 3293 600 3358; x_wconf 78' lang='lat' dir='ltr'>(Zumpt§.4tld.5):-una</span> 
     </span>
     <span class='ocr_line' id='line_1_38' title="bbox 89 3359 599 3427; baseline -0.004 -15"><span class='ocrx_word' id='word_1_265' title='bbox 89 3376 149 3412; x_wconf 82' lang='lat' dir='ltr'>crtrn</span> <span class='ocrx_word' id='word_1_266' title='bbox 159 3361 260 3427; x_wconf 79' lang='lat' dir='ltr'>reliqua</span> <span class='ocrx_word' id='word_1_267' title='bbox 270 3359 418 3411; x_wconf 52' lang='lat' dir='ltr'>Gatttcact</span> <span class='ocrx_word' id='word_1_268' title='bbox 425 3362 474 3410; x_wconf 92' lang='lat' dir='ltr'>und</span> <span class='ocrx_word' id='word_1_269' title='bbox 484 3361 599 3411; x_wconf 82' lang='grc'><strong>(1331113-</strong></span> 
     </span>
     <span class='ocr_line' id='line_1_39' title="bbox 91 3429 599 3492; baseline -0.004 -14"><span class='ocrx_word' id='word_1_270' title='bbox 91 3429 261 3491; x_wconf 73' lang='grc' dir='ltr'><strong>3ἱν,3111313311</strong></span> <span class='ocrx_word' id='word_1_271' title='bbox 271 3435 343 3478; x_wconf 85' lang='lat' dir='ltr'>sonst</span> <span class='ocrx_word' id='word_1_272' title='bbox 351 3444 404 3478; x_wconf 86' lang='grc'>333</span> <span class='ocrx_word' id='word_1_273' title='bbox 413 3444 470 3478; x_wconf 86' lang='lat' dir='ltr'>cum</span> <span class='ocrx_word' id='word_1_274' title='bbox 479 3431 599 3492; x_wconf 80' lang='grc'><strong>5331113-</strong></span> 
     </span>
     <span class='ocr_line' id='line_1_40' title="bbox 92 3494 598 3547; baseline 0 -3"><span class='ocrx_word' id='word_1_275' title='bbox 92 3497 140 3545; x_wconf 91' lang='lat' dir='ltr'>lich</span> <span class='ocrx_word' id='word_1_276' title='bbox 154 3512 202 3545; x_wconf 87' lang='lat' dir='ltr'>nur</span> <span class='ocrx_word' id='word_1_277' title='bbox 218 3495 260 3545; x_wconf 90' lang='lat' dir='ltr'>liir</span> <span class='ocrx_word' id='word_1_278' title='bbox 277 3501 302 3546; x_wconf 84' lang='lat' dir='ltr'>ct</span> <span class='ocrx_word' id='word_1_279' title='bbox 315 3494 361 3544; x_wconf 88' lang='lat' dir='ltr'>mit</span> <span class='ocrx_word' id='word_1_280' title='bbox 377 3497 432 3544; x_wconf 89' lang='lat' dir='ltr'>dem</span> <span class='ocrx_word' id='word_1_281' title='bbox 447 3496 546 3547; x_wconf 83' lang='lat' dir='ltr'>Nomin.</span> <span class='ocrx_word' id='word_1_282' title='bbox 559 3495 598 3544; x_wconf 91' lang='lat' dir='ltr'>od.</span> 
     </span>
     <span class='ocr_line' id='line_1_41' title="bbox 91 3563 276 3614; baseline -0.011 0"><span class='ocrx_word' id='word_1_283' title='bbox 91 3563 184 3614; x_wconf 82' lang='lat' dir='ltr'>Aecus.</span> <span class='ocrx_word' id='word_1_284' title='bbox 198 3564 276 3614; x_wconf 86' lang='lat' dir='ltr'>steht.</span> 
     </span>
    </p>

    <p class='ocr_par' dir='ltr' id='par_1_8' title="bbox 90 3625 600 3761">
     <span class='ocr_line' id='line_1_42' title="bbox 127 3625 600 3693; baseline -0.006 -13"><span class='ocrx_word' id='word_1_285' title='bbox 127 3630 150 3680; x_wconf 90' lang='grc'>6.</span> <span class='ocrx_word' id='word_1_286' title='bbox 182 3633 357 3680; x_wconf 72' lang='lat' dir='ltr'>necessarium</span> <span class='ocrx_word' id='word_1_287' title='bbox 380 3645 446 3693; x_wconf 79' lang='grc'><strong>1331,</strong></span> <span class='ocrx_word' id='word_1_288' title='bbox 468 3625 545 3679; x_wconf 89' lang='lat' dir='ltr'>‘dass</span> <span class='ocrx_word' id='word_1_289' title='bbox 571 3645 600 3678; x_wconf 88' lang='lat' dir='ltr'>er</span> 
     </span>
     <span class='ocr_line' id='line_1_43' title="bbox 90 3696 599 3761; baseline 0 -15"><span class='ocrx_word' id='word_1_290' title='bbox 90 3699 148 3748; x_wconf 85' lang='lat' dir='ltr'>eine</span> <span class='ocrx_word' id='word_1_291' title='bbox 168 3699 308 3761; x_wconf 78' lang='lat' dir='ltr'>dringende</span> <span class='ocrx_word' id='word_1_292' title='bbox 325 3698 416 3759; x_wconf 88' lang='lat' dir='ltr'>Sache,</span> <span class='ocrx_word' id='word_1_293' title='bbox 440 3696 480 3745; x_wconf 88' lang='lat' dir='ltr'>dic</span> <span class='ocrx_word' id='word_1_294' title='bbox 498 3697 599 3746; x_wconf 85' lang='lat' dir='ltr'>erdem</span> 
     </span>
    </p>
   </div>
   <div class='ocr_carea' id='block_1_4' title="bbox 652 2481 1158 3761">
    <p class='ocr_par' dir='ltr' id='par_1_9' title="bbox 653 2481 1156 2612">
     <span class='ocr_line' id='line_1_44' title="bbox 653 2481 1156 2551; baseline -0.002 -18"><span class='ocrx_word' id='word_1_295' title='bbox 653 2483 732 2533; x_wconf 85' lang='lat' dir='ltr'>druck</span> <span class='ocrx_word' id='word_1_296' title='bbox 753 2483 892 2548; x_wconf 87' lang='lat' dir='ltr'>entspricht</span> <span class='ocrx_word' id='word_1_297' title='bbox 912 2498 975 2551; x_wconf 79' lang='lat' dir='ltr'>ganz</span> <span class='ocrx_word' id='word_1_298' title='bbox 997 2483 1043 2532; x_wconf 84' lang='lat' dir='ltr'>der</span> <span class='ocrx_word' id='word_1_299' title='bbox 1064 2481 1156 2532; x_wconf 81' lang='lat' dir='ltr'>Gestu-</span> 
     </span>
     <span class='ocr_line' id='line_1_45' title="bbox 654 2551 974 2612; baseline -0.006 -12"><span class='ocrx_word' id='word_1_300' title='bbox 654 2566 730 2612; x_wconf 77' lang='grc'><strong>3335,</strong></span> <span class='ocrx_word' id='word_1_301' title='bbox 743 2552 783 2600; x_wconf 90' lang='lat' dir='ltr'>die</span> <span class='ocrx_word' id='word_1_302' title='bbox 795 2551 885 2600; x_wconf 88' lang='lat' dir='ltr'>Liscus</span> <span class='ocrx_word' id='word_1_303' title='bbox 898 2551 974 2612; x_wconf 83' lang='lat' dir='ltr'>zeigt</span> 
     </span>
    </p>

    <p class='ocr_par' dir='ltr' id='par_1_10' title="bbox 652 2610 1157 3208">
     <span class='ocr_line' id='line_1_46' title="bbox 688 2610 1156 2679; baseline -0.006 -10"><span class='ocrx_word' id='word_1_304' title='bbox 688 2610 740 2669; x_wconf 85' lang='grc'>18.</span> <span class='ocrx_word' id='word_1_305' title='bbox 758 2619 777 2667; x_wconf 92' lang='lat' dir='ltr'>l.</span> <span class='ocrx_word' id='word_1_306' title='bbox 789 2622 899 2667; x_wconf 83' lang='lat' dir='ltr'>iactare.-</span> <span class='ocrx_word' id='word_1_307' title='bbox 911 2618 951 2665; x_wconf 91' lang='lat' dir='ltr'>hin</span> <span class='ocrx_word' id='word_1_308' title='bbox 963 2617 1012 2665; x_wconf 88' lang='lat' dir='ltr'>und</span> <span class='ocrx_word' id='word_1_309' title='bbox 1025 2617 1084 2679; x_wconf 82' lang='lat' dir='ltr'>her,</span> <span class='ocrx_word' id='word_1_310' title='bbox 1095 2631 1156 2666; x_wconf 87' lang='lat' dir='ltr'>aus·</span> 
     </span>
     <span class='ocr_line' id='line_1_47' title="bbox 653 2684 1157 2749; baseline -0.004 -13"><span class='ocrx_word' id='word_1_311' title='bbox 653 2686 761 2736; x_wconf 82' lang='lat' dir='ltr'>l&#39;rihrlich</span> <span class='ocrx_word' id='word_1_312' title='bbox 785 2685 947 2749; x_wconf 84' lang='lat' dir='ltr'>besprechen.</span> <span class='ocrx_word' id='word_1_313' title='bbox 969 2711 1003 2720; x_wconf 90' lang='lat'><em>-</em></span> <span class='ocrx_word' id='word_1_314' title='bbox 1023 2697 1092 2732; x_wconf 81' lang='lat' dir='ltr'>conc.</span> <span class='ocrx_word' id='word_1_315' title='bbox 1117 2684 1157 2734; x_wconf 73' lang='grc' dir='ltr'>ἀί·</span> 
     </span>
     <span class='ocr_line' id='line_1_48' title="bbox 652 2751 1155 2818; baseline -0.006 -14"><span class='ocrx_word' id='word_1_316' title='bbox 652 2757 742 2818; x_wconf 75' lang='grc'><strong>33131,</strong></span> <span class='ocrx_word' id='word_1_317' title='bbox 761 2753 827 2802; x_wconf 83' lang='lat' dir='ltr'>Lisc.</span> <span class='ocrx_word' id='word_1_318' title='bbox 840 2755 941 2802; x_wconf 79' lang='lat' dir='ltr'>retinet.</span> <span class='ocrx_word' id='word_1_319' title='bbox 960 2751 1011 2800; x_wconf 88' lang='lat' dir='ltr'>llas</span> <span class='ocrx_word' id='word_1_320' title='bbox 1028 2751 1155 2801; x_wconf 85' lang='lat' dir='ltr'>zwischen</span> 
     </span>
     <span class='ocr_line' id='line_1_49' title="bbox 652 2817 1155 2871; baseline -0.006 0"><span class='ocrx_word' id='word_1_321' title='bbox 652 2822 741 2871; x_wconf 90' lang='lat' dir='ltr'>beiden</span> <span class='ocrx_word' id='word_1_322' title='bbox 759 2821 853 2870; x_wconf 85' lang='lat' dir='ltr'>S&#39;a‘tzen</span> <span class='ocrx_word' id='word_1_323' title='bbox 875 2819 1031 2868; x_wconf 83' lang='lat' dir='ltr'>obwaltendo</span> <span class='ocrx_word' id='word_1_324' title='bbox 1053 2817 1155 2868; x_wconf 78' lang='grc'><strong>(131133-</strong></span> 
     </span>
     <span class='ocr_line' id='line_1_50' title="bbox 652 2886 1155 2950; baseline -0.004 -12"><span class='ocrx_word' id='word_1_325' title='bbox 652 2888 855 2938; x_wconf 80' lang='lat' dir='ltr'>kenverhiiltniss</span> <span class='ocrx_word' id='word_1_326' title='bbox 882 2886 1053 2950; x_wconf 80' lang='lat' dir='ltr'>(Gegensatz)</span> <span class='ocrx_word' id='word_1_327' title='bbox 1077 2887 1155 2936; x_wconf 85' lang='lat' dir='ltr'>durch</span> 
     </span>
     <span class='ocr_line' id='line_1_51' title="bbox 652 2955 1157 3018; baseline -0.004 -12"><span class='ocrx_word' id='word_1_328' title='bbox 652 2957 723 3006; x_wconf 90' lang='lat' dir='ltr'>blose</span> <span class='ocrx_word' id='word_1_329' title='bbox 763 2955 1042 3018; x_wconf 76' lang='lat' dir='ltr'>Gcgeniiberstcllung,</span> <span class='ocrx_word' id='word_1_330' title='bbox 1088 2955 1157 3004; x_wconf 89' lang='lat' dir='ltr'>nieht</span> 
     </span>
     <span class='ocr_line' id='line_1_52' title="bbox 653 3022 1156 3084; baseline -0.004 -11"><span class='ocrx_word' id='word_1_331' title='bbox 653 3025 729 3073; x_wconf 90' lang='lat' dir='ltr'>durch</span> <span class='ocrx_word' id='word_1_332' title='bbox 747 3024 802 3072; x_wconf 88' lang='lat' dir='ltr'>eine</span> <span class='ocrx_word' id='word_1_333' title='bbox 815 3022 928 3072; x_wconf 84' lang='lat' dir='ltr'>Portikel</span> <span class='ocrx_word' id='word_1_334' title='bbox 945 3022 1045 3084; x_wconf 78' lang='lat' dir='ltr'>(aber)</span> <span class='ocrx_word' id='word_1_335' title='bbox 1063 3037 1156 3084; x_wconf 80' lang='grc'><strong>33353·</strong></span> 
     </span>
     <span class='ocr_line' id='line_1_53' title="bbox 652 3089 1156 3156; baseline -0.002 -16"><span class='ocrx_word' id='word_1_336' title='bbox 652 3091 754 3140; x_wconf 85' lang='lat' dir='ltr'>driickt:</span> <span class='ocrx_word' id='word_1_337' title='bbox 768 3090 942 3139; x_wconf 85' lang='lat' dir='ltr'>adversatives</span> <span class='ocrx_word' id='word_1_338' title='bbox 955 3089 1156 3156; x_wconf 63' lang='grc'><strong>1135313133.-</strong></span> 
     </span>
     <span class='ocr_line' id='line_1_54' title="bbox 653 3157 842 3208; baseline -0.011 0"><span class='ocrx_word' id='word_1_339' title='bbox 653 3157 842 3208; x_wconf 63' lang='grc' dir='ltr'><strong>1113111ιί3133.</strong></span> 
     </span>
    </p>

    <p class='ocr_par' dir='ltr' id='par_1_11' title="bbox 652 3223 1158 3761">
     <span class='ocr_line' id='line_1_55' title="bbox 688 3223 1155 3291; baseline -0.002 -17"><span class='ocrx_word' id='word_1_340' title='bbox 688 3225 712 3274; x_wconf 88' lang='lat'>3.</span> <span class='ocrx_word' id='word_1_341' title='bbox 730 3223 1087 3291; x_wconf 66' lang='grc'><strong>1333133333113333335331.</strong></span> <span class='ocrx_word' id='word_1_342' title='bbox 1106 3225 1155 3273; x_wconf 84' lang='lat' dir='ltr'>Bo-</span> 
     </span>
     <span class='ocr_line' id='line_1_56' title="bbox 653 3289 1156 3354; baseline -0.004 -12"><span class='ocrx_word' id='word_1_343' title='bbox 653 3293 783 3354; x_wconf 80' lang='lat' dir='ltr'>stiitigung</span> <span class='ocrx_word' id='word_1_344' title='bbox 795 3293 840 3340; x_wconf 88' lang='lat' dir='ltr'>der</span> <span class='ocrx_word' id='word_1_345' title='bbox 849 3291 1023 3354; x_wconf 80' lang='lat' dir='ltr'>Vermuthnng</span> <span class='ocrx_word' id='word_1_346' title='bbox 1032 3293 1077 3341; x_wconf 88' lang='lat' dir='ltr'>des</span> <span class='ocrx_word' id='word_1_347' title='bbox 1088 3289 1156 3340; x_wconf 84' lang='lat' dir='ltr'><strong>G.=·</strong></span> 
     </span>
     <span class='ocr_line' id='line_1_57' title="bbox 653 3357 1158 3424; baseline -0.008 -14"><span class='ocrx_word' id='word_1_348' title='bbox 653 3361 716 3410; x_wconf 87' lang='lat' dir='ltr'>eben</span> <span class='ocrx_word' id='word_1_349' title='bbox 726 3359 917 3423; x_wconf 67' lang='grc'><strong>1333111333,</strong></span> <span class='ocrx_word' id='word_1_350' title='bbox 937 3375 1012 3424; x_wconf 83' lang='lat' dir='ltr'>quem</span> <span class='ocrx_word' id='word_1_351' title='bbox 1023 3357 1158 3421; x_wconf 69' lang='grc'><strong>33353313</strong></span> 
     </span>
     <span class='ocr_line' id='line_1_58' title="bbox 653 3423 1155 3490; baseline -0.008 -14"><span class='ocrx_word' id='word_1_352' title='bbox 653 3429 787 3476; x_wconf 73' lang='lat' dir='ltr'>sentiebat.</span> <span class='ocrx_word' id='word_1_353' title='bbox 800 3454 834 3461; x_wconf 94' lang='lat'>——</span> <span class='ocrx_word' id='word_1_354' title='bbox 850 3441 952 3476; x_wconf 76' lang='grc'><strong>133333</strong></span> <span class='ocrx_word' id='word_1_355' title='bbox 968 3425 1084 3488; x_wconf 70' lang='lat' dir='ltr'>audacto,</span> <span class='ocrx_word' id='word_1_356' title='bbox 1104 3423 1155 3490; x_wconf 81' lang='lat' dir='ltr'>Ap-</span> 
     </span>
     <span class='ocr_line' id='line_1_59' title="bbox 653 3491 1157 3560; baseline -0.008 -17"><span class='ocrx_word' id='word_1_357' title='bbox 653 3494 762 3560; x_wconf 91' lang='lat' dir='ltr'>position</span> <span class='ocrx_word' id='word_1_358' title='bbox 781 3493 1026 3556; x_wconf 67' lang='grc'><strong>339313331353131</strong></span> <span class='ocrx_word' id='word_1_359' title='bbox 1042 3491 1104 3541; x_wconf 90' lang='lat' dir='ltr'>doch</span> <span class='ocrx_word' id='word_1_360' title='bbox 1121 3491 1157 3540; x_wconf 82' lang='lat' dir='ltr'>ist</span> 
     </span>
     <span class='ocr_line' id='line_1_60' title="bbox 653 3559 1156 3621; baseline -0.012 -10"><span class='ocrx_word' id='word_1_361' title='bbox 653 3563 699 3611; x_wconf 92' lang='lat' dir='ltr'>der</span> <span class='ocrx_word' id='word_1_362' title='bbox 708 3562 792 3611; x_wconf 86' lang='lat' dir='ltr'>Ablat.</span> <span class='ocrx_word' id='word_1_363' title='bbox 805 3561 868 3609; x_wconf 90' lang='lat' dir='ltr'>ohne</span> <span class='ocrx_word' id='word_1_364' title='bbox 882 3561 954 3609; x_wconf 88' lang='lat' dir='ltr'>einen</span> <span class='ocrx_word' id='word_1_365' title='bbox 966 3559 1156 3621; x_wconf 78' lang='lat' dir='ltr'>vorausgchen·</span> 
     </span>
     <span class='ocr_line' id='line_1_61' title="bbox 653 3625 1156 3690; baseline -0.01 -12"><span class='ocrx_word' id='word_1_366' title='bbox 653 3629 701 3678; x_wconf 90' lang='lat' dir='ltr'>den</span> <span class='ocrx_word' id='word_1_367' title='bbox 740 3628 905 3690; x_wconf 79' lang='lat' dir='ltr'>allgemeinen</span> <span class='ocrx_word' id='word_1_368' title='bbox 941 3625 1156 3688; x_wconf 80' lang='lat' dir='ltr'>Guttungsnamcu</span> 
     </span>
     <span class='ocr_line' id='line_1_62' title="bbox 652 3691 1154 3761; baseline -0.012 -15"><span class='ocrx_word' id='word_1_369' title='bbox 652 3699 715 3761; x_wconf 69' lang='lat' dir='ltr'>(etr,</span> <span class='ocrx_word' id='word_1_370' title='bbox 732 3696 825 3756; x_wconf 80' lang='lat' dir='ltr'>horno)</span> <span class='ocrx_word' id='word_1_371' title='bbox 842 3692 971 3756; x_wconf 77' lang='lat' dir='ltr'>angeldgt.</span> <span class='ocrx_word' id='word_1_372' title='bbox 995 3693 1021 3742; x_wconf 90' lang='lat' dir='ltr'>S.</span> <span class='ocrx_word' id='word_1_373' title='bbox 1040 3691 1064 3740; x_wconf 84' lang='lat'>2.</span> <span class='ocrx_word' id='word_1_374' title='bbox 1082 3691 1111 3755; x_wconf 89' lang='grc'>6,</span> <span class='ocrx_word' id='word_1_375' title='bbox 1128 3692 1154 3741; x_wconf 85' lang='grc'>4.</span> 
     </span>
    </p>
   </div>
   <div class='ocr_carea' id='block_1_5' title="bbox 84 3759 1157 4032">
    <p class='ocr_par' dir='ltr' id='par_1_12' title="bbox 84 3759 1157 4032">
     <span class='ocr_line' id='line_1_63' title="bbox 91 3759 1156 3830; baseline -0.004 -16"><span class='ocrx_word' id='word_1_376' title='bbox 91 3763 119 3814; x_wconf 79' lang='lat' dir='ltr'>G.</span> <span class='ocrx_word' id='word_1_377' title='bbox 132 3781 211 3830; x_wconf 77' lang='lat' dir='ltr'>sagon</span> <span class='ocrx_word' id='word_1_378' title='bbox 223 3771 329 3826; x_wconf 85' lang='lat' dir='ltr'>musste,</span> <span class='ocrx_word' id='word_1_379' title='bbox 342 3777 598 3827; x_wconf 78' lang='grc'><strong>53333353313113-</strong></span> <span class='ocrx_word' id='word_1_380' title='bbox 652 3765 679 3812; x_wconf 88' lang='grc' dir='ltr'>Β.</span> <span class='ocrx_word' id='word_1_381' title='bbox 692 3763 719 3812; x_wconf 86' lang='lat' dir='ltr'>C.</span> <span class='ocrx_word' id='word_1_382' title='bbox 732 3762 755 3811; x_wconf 90' lang='lat'>3.</span> <span class='ocrx_word' id='word_1_383' title='bbox 773 3761 802 3824; x_wconf 86' lang='grc'>4,</span> <span class='ocrx_word' id='word_1_384' title='bbox 820 3761 857 3809; x_wconf 74' lang='lat' dir='ltr'>t:</span> <span class='ocrx_word' id='word_1_385' title='bbox 875 3759 1053 3826; x_wconf 76' lang='lat' dir='ltr'>Rhascypolis,</span> <span class='ocrx_word' id='word_1_386' title='bbox 1071 3760 1156 3810; x_wconf 75' lang='lat' dir='ltr'>excel·</span> 
     </span>
     <span class='ocr_line' id='line_1_64' title="bbox 92 3826 1154 3897; baseline -0.006 -15"><span class='ocrx_word' id='word_1_387' title='bbox 92 3834 150 3882; x_wconf 89' lang='lat' dir='ltr'>thcn</span> <span class='ocrx_word' id='word_1_388' title='bbox 163 3827 251 3895; x_wconf 85' lang='lat' dir='ltr'>habc‘,</span> <span class='ocrx_word' id='word_1_389' title='bbox 265 3848 294 3881; x_wconf 89' lang='lat' dir='ltr'>so</span> <span class='ocrx_word' id='word_1_390' title='bbox 307 3831 348 3894; x_wconf 82' lang='grc'>39,</span> <span class='ocrx_word' id='word_1_391' title='bbox 362 3830 390 3879; x_wconf 78' lang='lat'>3:</span> <span class='ocrx_word' id='word_1_392' title='bbox 403 3845 482 3881; x_wconf 82' lang='lat' dir='ltr'>causa</span> <span class='ocrx_word' id='word_1_393' title='bbox 493 3830 528 3879; x_wconf 84' lang='lat' dir='ltr'>ad</span> <span class='ocrx_word' id='word_1_394' title='bbox 535 3845 599 3897; x_wconf 88' lang='lat' dir='ltr'>pro-</span> <span class='ocrx_word' id='word_1_395' title='bbox 651 3830 715 3879; x_wconf 84' lang='lat' dir='ltr'>lenti</span> <span class='ocrx_word' id='word_1_396' title='bbox 732 3832 835 3878; x_wconf 78' lang='lat' dir='ltr'>virtute.</span> <span class='ocrx_word' id='word_1_397' title='bbox 862 3827 962 3876; x_wconf 81' lang='lat' dir='ltr'>llbenso</span> <span class='ocrx_word' id='word_1_398' title='bbox 984 3826 1048 3876; x_wconf 88' lang='lat' dir='ltr'>heim</span> <span class='ocrx_word' id='word_1_399' title='bbox 1070 3826 1154 3878; x_wconf 86' lang='lat' dir='ltr'>Genit.</span> 
     </span>
     <span class='ocr_line' id='line_1_65' title="bbox 84 3892 1156 3964; baseline -0.004 -15"><span class='ocrx_word' id='word_1_400' title='bbox 84 3900 258 3964; x_wconf 70' lang='lat' dir='ltr'>ficisccndum</span> <span class='ocrx_word' id='word_1_401' title='bbox 268 3901 423 3949; x_wconf 65' lang='lat' dir='ltr'>reuocata.</span> <span class='ocrx_word' id='word_1_402' title='bbox 441 3899 468 3946; x_wconf 87' lang='grc' dir='ltr'>Β.</span> <span class='ocrx_word' id='word_1_403' title='bbox 480 3897 507 3946; x_wconf 86' lang='lat' dir='ltr'>C.</span> <span class='ocrx_word' id='word_1_404' title='bbox 523 3895 545 3945; x_wconf 89' lang='grc'>1.</span> <span class='ocrx_word' id='word_1_405' title='bbox 555 3896 597 3960; x_wconf 81' lang='lat' dir='ltr'>to,</span> <span class='ocrx_word' id='word_1_406' title='bbox 651 3893 824 3960; x_wconf 76' lang='lat' dir='ltr'>Qualit.5.35‚</span> <span class='ocrx_word' id='word_1_407' title='bbox 836 3895 859 3943; x_wconf 84' lang='lat' dir='ltr'>l.</span> <span class='ocrx_word' id='word_1_408' title='bbox 872 3893 927 3944; x_wconf 90' lang='lat' dir='ltr'>Liv.</span> <span class='ocrx_word' id='word_1_409' title='bbox 938 3892 979 3942; x_wconf 86' lang='grc'>22.</span> <span class='ocrx_word' id='word_1_410' title='bbox 990 3894 1030 3957; x_wconf 87' lang='grc'>60,</span> <span class='ocrx_word' id='word_1_411' title='bbox 1042 3894 1070 3944; x_wconf 83' lang='lat'>5:</span> <span class='ocrx_word' id='word_1_412' title='bbox 1081 3894 1156 3945; x_wconf 81' lang='grc'><strong>1133-</strong></span> 
     </span>
     <span class='ocr_line' id='line_1_66' title="bbox 89 3961 1157 4032; baseline -0.001 -17"><span class='ocrx_word' id='word_1_413' title='bbox 89 3967 119 4015; x_wconf 73' lang='grc'>11</span> <span class='ocrx_word' id='word_1_414' title='bbox 131 3970 282 4018; x_wconf 80' lang='lat' dir='ltr'>necessaria</span> <span class='ocrx_word' id='word_1_415' title='bbox 293 3981 324 4016; x_wconf 84' lang='lat' dir='ltr'>ro</span> <span class='ocrx_word' id='word_1_416' title='bbox 335 3970 447 4016; x_wconf 80' lang='lat' dir='ltr'>coactus.</span> <span class='ocrx_word' id='word_1_417' title='bbox 466 3965 518 4014; x_wconf 86' lang='grc'><strong>1131</strong></span> <span class='ocrx_word' id='word_1_418' title='bbox 530 3963 597 4014; x_wconf 81' lang='lat' dir='ltr'>Aus-</span> <span class='ocrx_word' id='word_1_419' title='bbox 650 3963 701 4014; x_wconf 78' lang='lat' dir='ltr'>lius</span> <span class='ocrx_word' id='word_1_420' title='bbox 716 3961 870 4028; x_wconf 67' lang='lat' dir='ltr'>reputes,</span> <span class='ocrx_word' id='word_1_421' title='bbox 881 3963 1107 4032; x_wconf 63' lang='lat' dir='ltr'>protestatum.</span> <span class='ocrx_word' id='word_1_422' title='bbox 1119 3985 1157 4000; x_wconf 82' lang='lat'>--</span> 
     </span>
    </p>
   </div>
   <div class='ocr_carea' id='block_1_6' title="bbox 0 0 1394 4484">
    <p class='ocr_par' dir='ltr' id='par_1_13' title="bbox 0 0 1394 4484">
     <span class='ocr_line' id='line_1_67' title="bbox 0 0 1394 4484; baseline 0 0"><span class='ocrx_word' id='word_1_423' title='bbox 0 0 1394 4484; x_wconf 95' lang='lat' dir='ltr'> </span> 
     </span>
    </p>
   </div>
  </div>
 </body>
</html>
