2798 4482
223 334 264 398 88
584 333 628 384 ΒΕ
647 331 754 383 aneto
773 329 915 384 dmttco

184 497 200 546 3
222 488 296 549 eiam
311 485 469 565 redegisset
483 504 578 566 neque
588 487 765 566 stipendium
778 484 978 564 imposuisset.
999 483 1086 557 Quod
1098 483 1123 543 si
1135 482 1279 562 antiquis-
1378 511 1379 536 t

152 633 156 642 ,
220 573 330 634 simum
341 573 477 651 quodque
488 579 604 651 tempus
617 571 741 651 spectari
754 577 911 650 oporteret,
924 569 1027 648 populi
1038 568 1165 630 Romani
1176 568 1279 630 iustis-

221 659 330 719 simum
349 676 413 717 esse
432 657 463 716 iu
483 657 572 718 Gallia
590 656 760 735 imperium;
787 655 812 716 si
831 654 970 715 iudicium
991 662 1109 714 senatus
1130 653 1280 714 observari

221 750 384 822 oporteret,
405 741 525 802 liberam
546 742 649 802 dehere
670 760 734 801 esse
750 740 884 813 Galliam,
905 757 992 818 quiam
1006 739 1081 799 bello
1096 737 1202 799 victam
1218 738 1281 798 suis
1379 787 1380 812 .

221 827 332 906 legibus
347 826 390 886 uti
404 826 553 887 voluisset.

306 917 360 978 46.
398 911 473 970 llum
492 911 563 971 haec
580 911 612 970 in
630 909 776 988 colloquio
797 915 950 987 geruntur,
974 907 1088 991 Caesari
1107 908 1281 970 nunciatum

222 1005 279 1070 est,
304 995 416 1074 equites
434 994 571 1056 Ariovisti
591 994 714 1074 propius
733 994 879 1054 tumulum
898 992 1034 1054 accedere
1052 1000 1080 1052 et
1101 993 1137 1053 ad
1156 1001 1281 1054 nostros

184 1081 399 1159 aadequltare‚
418 1079 528 1158 lapides
543 1080 654 1158 telaque
668 1079 698 1138 in
713 1086 835 1140 nostros
851 1078 991 1138 conicere.
1022 1077 1126 1138 Caesar
1140 1077 1282 1157 loquendi
1380 1135 1381 1156 ἒ

222 1167 311 1226 finem
325 1164 392 1225 lacit
409 1183 498 1242 seque
517 1165 552 1225 ad
573 1183 644 1226 suos
664 1163 772 1242 recepit
799 1163 918 1242 suisque
944 1162 1108 1243 imperavit,
1135 1180 1172 1222 ne
1199 1163 1281 1242 quod
1380 1167 1381 1170 ’

185 1262 201 1312 3
224 1249 345 1312 omnino
359 1249 450 1310 telum
461 1249 492 1308 in
502 1250 603 1309 hostes
615 1248 764 1310 reicerent.
794 1249 868 1309 Nam
880 1248 935 1308 etsi
949 1247 1013 1308 sine
1023 1247 1081 1308 nllo
1093 1247 1226 1325 periculo
1238 1250 1282 1308 le·

222 1335 317 1413 gionis
334 1333 457 1394 delectae
471 1353 538 1394 oum
554 1332 682 1412 equitatu
697 1333 842 1412 proelium
857 1333 920 1392 lore
934 1331 1061 1404 ridebat,
1080 1339 1178 1392 tamen
1195 1351 1281 1394 com-

222 1418 398 1480 mittendum
412 1435 474 1478 non
489 1417 617 1497 putabat,
638 1425 670 1479 ut
684 1419 777 1496 pulsis
792 1418 927 1478 hostibus
942 1416 999 1477 dici
1014 1423 1116 1494 posset
1129 1434 1182 1477 eos
1198 1419 1235 1479 ab
1251 1437 1284 1478 se

185 1517 203 1568 4
224 1523 276 1584 per
301 1505 389 1564 iidem
414 1502 445 1563 in
471 1503 616 1582 colloquio
644 1503 865 1564 circumventos.
907 1502 1101 1580 Posteaquam
1121 1501 1152 1561 in
1177 1503 1283 1581 volgus

223 1590 348 1650 militum
363 1587 469 1648 elatum
485 1596 542 1661 est,
562 1607 619 1667 qua
638 1588 802 1666 arrogantia
821 1587 852 1647 in
868 1586 1013 1665 colloquio
1029 1585 1194 1646 Ariovistus
1207 1606 1285 1648 usus

224 1673 306 1735 omni
321 1673 410 1734 Gallia
424 1673 565 1734 Romanis
587 1673 797 1746 interdixisset,
818 1673 1018 1751 impetumque
1036 1671 1067 1730 in
1081 1679 1204 1732 nostros
1220 1671 1284 1733 eius

223 1759 335 1838 equites
351 1757 497 1828 fecissent,
513 1776 602 1836 eaque
616 1777 664 1818 res
680 1757 857 1836 colloquium
873 1764 906 1817 ut
920 1755 1092 1828 diremisset,
1107 1756 1201 1816 multo
1218 1775 1285 1817 ma-

223 1843 270 1904 ior
284 1842 414 1904 alacritas
429 1842 616 1920 studiumque
636 1843 786 1922 pugnandi
805 1841 899 1910 maius
915 1840 1051 1902 exercitui
1070 1839 1209 1928 ipiectum
1230 1849 1284 1902 est.
1383 1900 1384 1923 q

310 1933 362 1994 47.
401 1925 494 1987 Biduo
521 1934 591 2005 post
617 1926 778 2002 Ariouistus
805 1926 841 1986 ad
867 1925 1019 1986 Caesarem
1043 1925 1153 2003 legatos
1179 1924 1285 1987 mittit:
1383 1931 1384 1960 ³

223 2147 510 2262 {quadus—quosque)
528 2162 549 2195 s.
563 2163 584 2197 o.
598 2145 643 2207 28,
662 2146 686 2196 5.
700 2147 725 2197 4.
778 2145 920 2197 hinzutritt.
946 2143 1057 2209 Vgl.50‚
1074 2145 1095 2196 1.
1204 2113 1207 2118 Ι

259 2213 303 2277 ,7.
327 2213 388 2263 Hier
403 2213 438 2262 ist
454 2213 572 2277 libripens
589 2230 621 2263 zu
633 2213 724 2264 beceli-
741 2225 744 2233 '
812 2214 837 2263 2.
848 2215 927 2279 facil.
945 2211 1092 2263 DasPrues.
1105 2213 1284 2265 zanezeich-

222 2288 275 2342 ten,
288 2281 346 2330 dass
359 2281 496 2332 wiederum
508 2281 549 2331 ein
558 2280 668 2334 Verbum
680 2283 726 2332 mit
778 2297 846 2345 nung
866 2282 910 2332 des
931 2279 1083 2346 plo'tzliolseu
1103 2281 1281 2345 Abbreeheus3

224 2349 299 2398 llativ
311 2348 385 2411 lolgt.
521 2393 528 2406 ,
778 2348 821 2398 l'tir
835 2349 874 2398 die
887 2349 996 2398 nuchher
1007 2347 1139 2411 folgenden
1152 2349 1282 2400 llandlun·

258 2415 282 2466 3.
302 2415 400 2480 Quodsi
408 2419 489 2466 —e'm
506 2415 741 2483 erium,Ausliilr·.
778 2432 826 2480 gen
839 2417 897 2467 tritt
908 2417 952 2466 dus
965 2415 1033 2466 Perl.
1046 2415 1283 2470 ein—adauct
1384 2459 1385 2462 η

223 2499 288 2548 rung
299 2486 345 2533 der
357 2433 594 2548 Sellusstofgomng
611 2500 656 2534 aus
669 2486 724 2536 dem
778 2487 960 2550 —suisqnc,
970 2484 1119 2533 wievorher
1128 2483 1282 2536 adnostros
1384 2491 1385 2494 ’

223 2552 284 2616 Sieg
303 2551 366 2601 iiber
386 2553 427 2602 die
444 2549 555 2602 liutener
577 2552 624 2613 (im
637 2553 660 2603 J.
676 2553 722 2603 121
778 2551 925 2618 adequitare
941 2551 1039 2618 telaque
1053 2553 1080 2601 ait
1095 2556 1202 2602 nostroe
1214 2555 1283 2603 cord·

222 2635 248 2669 v.
267 2619 348 2684 Chele
367 2635 439 2670 wenn
456 2621 510 2671 olso
528 2621 568 2672 bei
584 2622 630 2671 der
641 2619 724 2684 Frage
778 2633 843 2670 cero.

222 2687 286 2738 iiber
306 2688 346 2738 dio
366 2687 593 2752 Rechtmiissigkeit
613 2690 658 2739 des
675 2689 724 2738 Be·
812 2687 837 2737 3.
852 2703 902 2756 per
911 2687 1040 2754 fidem=
1048 2686 1106 2752 fido
1121 2685 1184 2737 data
1200 2687 1284 2740 ddu-

223 2755 316 2819 sitzes,
327 2757 358 2806 da
374 2755 461 2806 Ariov.
476 2757 574 2806 erlliirt
591 2758 674 2818 hatte,
695 2773 725 2806 se
779 2756 929 2820 ctos,indem
939 2754 1281 2818 siedemgegehenenWorte

220 2826 296 2938 padus
308 2827 335 2873 in
349 2821 376 2873 G.
388 2827 488 2874 venisse
499 2839 575 2888 quam
583 2840 609 2891 p.
622 2823 654 2874 n.
668 2823 723 2885 (44,
777 2823 896 2886 geglaubt
907 2823 1008 2883 hiitteu3
1022 2837 1050 2872 so
1062 2821 1146 2886 hiiuflg
1159 2823 1198 2872 bei
1212 2823 1282 2874 ‘ttiu-

241 2892 258 2954 l,
272 2891 312 2940 die
323 2890 410 2953 Lduge
422 2892 467 2940 der
479 2889 544 2951 zen.
557 2891 583 2939 in
595 2891 725 2954 derjeder
778 2888 860 2939 scheo’
875 2905 934 2958 per,
952 2891 1034 2939 iudom
1052 2891 1108 2953 das,
1126 2905 1180 2940 wos
1198 2891 1284 2941 sicher

223 2957 249 3005 in
270 2957 325 3006 dem
340 2957 425 3006 Laude
439 2957 602 3019 -uulgetreten
625 2958 675 3021 sei,
697 2959 724 3008 iu
779 2958 873 3020 mueht,
892 2955 975 3007 Mittel
986 2958 1033 3007 der
1045 2956 1196 3021 T‘duscltung
1207 2958 1281 3010 wind.

222 3023 725 3092 Betruchtkommelsieingulutcmporo
777 3023 805 3074 B.
820 3024 846 3074 C.
861 3024 937 3088 1.85‚
955 3023 983 3073 3:
1006 3025 1233 3092 perpollentem,
1257 3025 1281 3077 3.

222 3090 363 3141 sumendum
370 3093 724 3157 mttquttatoruaostimaren·
778 3091 823 3155 82,
837 3092 866 3140 5:
901 3107 931 3144 er
942 3095 997 3142 eius
1013 3096 1193 3143 sustentatam
1210 3093 1283 3144 dece-

223 3159 285 3224 na),
298 3173 327 3207 so
339 3159 425 3208 herten
438 3159 477 3209 die
486 3158 580 3208 llo'mer
596 3159 673 3209 durch
685 3161 725 3210 ih·
775 3163 846 3228 ptus.
916 3159 939 3208 ie
960 3159 1080 3210 vieldem
1092 3160 1186 3210 Caesar
1203 3161 1280 3213 daran

222 3241 268 3274 reu
286 3224 345 3288 Sieg
361 3241 408 3275 vor
424 3224 456 3275 63
474 3227 566 3277 Jahren
584 3228 628 3277 dus
644 3226 725 3278 Recht
777 3229 826 3290 leg,
840 3227 1027 3292 denVerdaolit,
1037 3229 1096 3278 dass
1106 3227 1282 3293 erdenllrieg

223 3293 269 3343 der
284 3292 414 3344 Prioritdt.
434 3322 468 3332 —
489 3310 565 3360 quam
580 3298 675 3346 erctum
689 3323 725 3334 -
777 3293 935 3358 angelangeu
956 3295 1031 3358 tate,
1055 3295 1110 3346 lero
1132 3311 1165 3345 zu
1184 3297 1281 3362 hulten,

222 3363 264 3412 uti
270 3360 399 3428 redderet,
412 3361 526 3430 denuvdle
535 3361 629 3412 llo'mer
637 3365 724 3414 hatten
778 3363 847 3425 zeigt
858 3362 898 3412 die
911 3377 990 3426 gunzo
1003 3363 1174 3427 Darstellung.

223 3432 285 3479 nach
302 3429 388 3493 jeoem
408 3429 483 3492 Siege
507 3431 556 3480 deu
575 3431 723 3481 Arverueru
811 3431 836 3480 4.
865 3434 1038 3498 impetumque
1059 3431 1191 3497 fecissent
1212 3433 1283 3483 nieht

222 3498 272 3546 und
285 3496 411 3547 Rutenern
426 3497 466 3547 dio
475 3495 587 3548 Freihcit
597 3499 723 3561 gelassen.
776 3513 826 3548 von
839 3497 920 3548 sineru
933 3513 978 3549 aus
988 3501 1043 3550 dem
1052 3499 1280 3564 Vorhergelaendeo

222 3563 249 3615 S.
262 3563 328 3615 lliul.
340 3580 363 3614 a.
376 3579 399 3614 a.
412 3564 443 3614 0.
777 3581 809 3615 zu
827 3567 1003 3632 supplireuden
1021 3566 1207 3618 oderousdem
1219 3569 1281 3619 rol·
1344 3595 1348 3606 ι

255 3623 309 3683 ld.
334 3633 357 3682 1.
380 3632 498 3684 accedere
518 3637 548 3683 et
567 3632 721 3699 adequitare,
777 3635 874 3697 geoden
895 3634 1169 3684 heruulzunelsmeodeu
1187 3639 1219 3686 ut
1235 3637 1280 3686 ab·

222 3699 318 3768 lapides
330 3703 449 3765 condere,
463 3701 525 3750 oben
538 3717 566 3751 so
577 3700 641 3750 zwei
652 3700 722 3752 Glie-
777 3702 877 3765 lilingig,
887 3704 994 3752 scudem
1002 3717 1051 3751 von
1062 3718 1112 3767 qua
1120 3707 1280 3769 arrogando,

221 3769 279 3832 der,
291 3768 340 3818 wie
353 3785 374 3818 c.
388 3767 434 3832 23,
448 3769 470 3819 1.
484 3767 529 3832 31,
545 3768 589 3832 12,
602 3783 650 3818 nur
662 3770 722 3820 dass
777 3769 822 3820 das
838 3771 909 3819 recht
924 3769 1061 3820 wottauel
1070 3769 1169 3820 enideo
1178 3769 1280 3821 liciter·

220 3835 276 3884 laier
292 3836 331 3885 die
350 3835 437 3886 beiden
456 3843 541 3887 ersten
565 3836 650 3888 Verba
676 3853 722 3888 aus
776 3837 871 3899 auguill
883 3837 962 3900 gehen
979 3837 1054 3886 laun.
1085 3837 1129 3887 Boi
1147 3853 1280 3905 coqueres

220 3901 297 3952 leicht
306 3902 486 3965 legreilliohem
496 3903 598 3956 Grande
612 3904 722 3956 verbun—
778 3905 813 3956 ist
824 3905 878 3954 dies
891 3905 958 3955 nieht
967 3905 1081 3970 milgliclt,
1093 3919 1238 3970 weswogen
1250 3910 1281 3958 ut

222 3969 269 4018 deu
282 3968 339 4019 siud
350 3971 400 4020 und
412 3972 457 4021 das
466 3971 544 4024 dritte
553 3973 618 4022 oliuo
628 3972 723 4038 Copula
777 3971 885 4022 aintritt.
