<?xml version="1.0" encoding="UTF-8"?>
<!DOCTYPE html PUBLIC "-//W3C//DTD XHTML 1.0 Transitional//EN"
    "http://www.w3.org/TR/xhtml1/DTD/xhtml1-transitional.dtd">
<html xmlns="http://www.w3.org/1999/xhtml" xml:lang="en" lang="en">
 <head>
  <title>
</title>
<meta http-equiv="Content-Type" content="text/html;charset=utf-8" />
  <meta name='ocr-system' content='tesseract 3.04.00' />
  <meta name='ocr-capabilities' content='ocr_page ocr_carea ocr_par ocr_line ocrx_word'/>
</head>
<body>
  <div class='ocr_page' id='page_1' title='image "./ciuliicaesarisc04krangoog_0101.png"; bbox 0 0 2798 4482; ppageno 0'>
   <div class='ocr_carea' id='block_1_1' title="bbox 233 323 928 390">
    <p class='ocr_par' dir='ltr' id='par_1_1' title="bbox 233 323 928 390">
     <span class='ocr_line' id='line_1_1' title="bbox 233 323 928 390; baseline 0.003 -18"><span class='ocrx_word' id='word_1_1' title='bbox 233 327 273 390; x_wconf 72' lang='lat' dir='ltr'><strong>8ss</strong></span> <span class='ocrx_word' id='word_1_2' title='bbox 538 343 547 352; x_wconf 87' lang='lat'>-</span> <span class='ocrx_word' id='word_1_3' title='bbox 596 325 639 374; x_wconf 87' lang='lat' dir='ltr'><strong>nn</strong></span> <span class='ocrx_word' id='word_1_4' title='bbox 659 323 765 375; x_wconf 82' lang='lat' dir='ltr'><strong>nunno</strong></span> <span class='ocrx_word' id='word_1_5' title='bbox 786 324 928 376; x_wconf 79' lang='lat' dir='ltr'><strong>cantico</strong></span> 
     </span>
    </p>
   </div>
   <div class='ocr_carea' id='block_1_2' title="bbox 155 478 1301 2594">
    <p class='ocr_par' dir='ltr' id='par_1_2' title="bbox 202 478 1301 979">
     <span class='ocr_line' id='line_1_2' title="bbox 204 478 1300 558; baseline -0.002 -17"><span class='ocrx_word' id='word_1_6' title='bbox 204 493 221 542; x_wconf 88' lang='grc'>4</span> <span class='ocrx_word' id='word_1_7' title='bbox 241 488 390 558; x_wconf 87' lang='lat' dir='ltr'><strong>superatas</strong></span> <span class='ocrx_word' id='word_1_8' title='bbox 406 499 479 539; x_wconf 88' lang='lat' dir='ltr'><strong>esse.</strong></span> <span class='ocrx_word' id='word_1_9' title='bbox 507 479 539 540; x_wconf 89' lang='lat' dir='ltr'><strong>Si</strong></span> <span class='ocrx_word' id='word_1_10' title='bbox 554 478 659 540; x_wconf 86' lang='lat' dir='ltr'><strong>iterum</strong></span> <span class='ocrx_word' id='word_1_11' title='bbox 674 479 797 558; x_wconf 79' lang='lat' dir='ltr'><strong>experiri</strong></span> <span class='ocrx_word' id='word_1_12' title='bbox 811 479 906 554; x_wconf 81' lang='lat' dir='ltr'><strong>velint,</strong></span> <span class='ocrx_word' id='word_1_13' title='bbox 922 497 954 540; x_wconf 91' lang='lat' dir='ltr'><strong>se</strong></span> <span class='ocrx_word' id='word_1_14' title='bbox 964 480 1070 540; x_wconf 85' lang='lat' dir='ltr'><strong>iterum</strong></span> <span class='ocrx_word' id='word_1_15' title='bbox 1081 487 1216 558; x_wconf 89' lang='lat' dir='ltr'><strong>paratum</strong></span> <span class='ocrx_word' id='word_1_16' title='bbox 1230 497 1300 539; x_wconf 88' lang='lat' dir='ltr'><strong>esse</strong></span> 
     </span>
     <span class='ocr_line' id='line_1_3' title="bbox 222 563 1300 644; baseline -0.001 -19"><span class='ocrx_word' id='word_1_17' title='bbox 222 566 398 638; x_wconf 64' lang='lat' dir='ltr'><strong>‘decertare3</strong></span> <span class='ocrx_word' id='word_1_18' title='bbox 419 565 444 624; x_wconf 89' lang='lat' dir='ltr'><strong>si</strong></span> <span class='ocrx_word' id='word_1_19' title='bbox 460 580 529 642; x_wconf 86' lang='lat' dir='ltr'><strong>pace</strong></span> <span class='ocrx_word' id='word_1_20' title='bbox 544 563 585 624; x_wconf 92' lang='lat' dir='ltr'><strong>uti</strong></span> <span class='ocrx_word' id='word_1_21' title='bbox 601 565 695 638; x_wconf 76' lang='lat' dir='ltr'><strong>velint,</strong></span> <span class='ocrx_word' id='word_1_22' title='bbox 711 565 843 644; x_wconf 90' lang='lat' dir='ltr'><strong>iniquum</strong></span> <span class='ocrx_word' id='word_1_23' title='bbox 858 584 923 625; x_wconf 87' lang='lat' dir='ltr'><strong>esse</strong></span> <span class='ocrx_word' id='word_1_24' title='bbox 938 565 975 624; x_wconf 92' lang='lat' dir='ltr'><strong>de</strong></span> <span class='ocrx_word' id='word_1_25' title='bbox 988 564 1133 644; x_wconf 88' lang='lat' dir='ltr'><strong>stipendio</strong></span> <span class='ocrx_word' id='word_1_26' title='bbox 1149 582 1300 637; x_wconf 86' lang='lat' dir='ltr'><strong>recusare,</strong></span> 
     </span>
     <span class='ocr_line' id='line_1_4' title="bbox 202 648 1300 730; baseline 0.003 -22"><span class='ocrx_word' id='word_1_27' title='bbox 202 659 216 708; x_wconf 88' lang='lat'>5</span> <span class='ocrx_word' id='word_1_28' title='bbox 239 651 317 730; x_wconf 91' lang='lat' dir='ltr'><strong>quod</strong></span> <span class='ocrx_word' id='word_1_29' title='bbox 332 669 385 710; x_wconf 90' lang='lat' dir='ltr'><strong>sua</strong></span> <span class='ocrx_word' id='word_1_30' title='bbox 399 649 545 720; x_wconf 82' lang='lat' dir='ltr'><strong>voluntate</strong></span> <span class='ocrx_word' id='word_1_31' title='bbox 560 650 595 710; x_wconf 90' lang='lat' dir='ltr'><strong>ad</strong></span> <span class='ocrx_word' id='word_1_32' title='bbox 611 649 640 709; x_wconf 94' lang='lat' dir='ltr'><strong>id</strong></span> <span class='ocrx_word' id='word_1_33' title='bbox 655 657 772 729; x_wconf 85' lang='lat' dir='ltr'><strong>tempus</strong></span> <span class='ocrx_word' id='word_1_34' title='bbox 786 650 986 729; x_wconf 82' lang='lat' dir='ltr'><strong>pependerint.</strong></span> <span class='ocrx_word' id='word_1_35' title='bbox 1013 648 1179 710; x_wconf 83' lang='lat' dir='ltr'><strong>Amicitiam</strong></span> <span class='ocrx_word' id='word_1_36' title='bbox 1190 650 1300 729; x_wconf 84' lang='lat' dir='ltr'><strong>populi</strong></span> 
     </span>
     <span class='ocr_line' id='line_1_5' title="bbox 237 734 1298 814; baseline 0 -18"><span class='ocrx_word' id='word_1_37' title='bbox 237 735 362 796; x_wconf 85' lang='lat' dir='ltr'><strong>Romani</strong></span> <span class='ocrx_word' id='word_1_38' title='bbox 377 734 432 794; x_wconf 89' lang='lat' dir='ltr'><strong>sibi</strong></span> <span class='ocrx_word' id='word_1_39' title='bbox 448 742 620 795; x_wconf 81' lang='lat' dir='ltr'><strong>ornamento</strong></span> <span class='ocrx_word' id='word_1_40' title='bbox 635 743 664 794; x_wconf 91' lang='lat' dir='ltr'><strong>et</strong></span> <span class='ocrx_word' id='word_1_41' title='bbox 678 736 831 813; x_wconf 85' lang='lat' dir='ltr'><strong>praesidio,</strong></span> <span class='ocrx_word' id='word_1_42' title='bbox 852 745 913 795; x_wconf 86' lang='lat' dir='ltr'><strong>&#39;non</strong></span> <span class='ocrx_word' id='word_1_43' title='bbox 928 735 1100 796; x_wconf 87' lang='lat' dir='ltr'><strong>detrimento</strong></span> <span class='ocrx_word' id='word_1_44' title='bbox 1117 753 1183 796; x_wconf 87' lang='lat' dir='ltr'><strong>esse</strong></span> <span class='ocrx_word' id='word_1_45' title='bbox 1199 753 1298 814; x_wconf 91' lang='lat' dir='ltr'><strong>opor-</strong></span> 
     </span>
     <span class='ocr_line' id='line_1_6' title="bbox 237 819 1299 900; baseline 0 -20"><span class='ocrx_word' id='word_1_46' title='bbox 237 828 305 894; x_wconf 83' lang='lat' dir='ltr'><strong>tere,</strong></span> <span class='ocrx_word' id='word_1_47' title='bbox 321 820 406 898; x_wconf 86' lang='lat' dir='ltr'><strong>idque</strong></span> <span class='ocrx_word' id='word_1_48' title='bbox 421 838 453 878; x_wconf 93' lang='lat' dir='ltr'><strong>se</strong></span> <span class='ocrx_word' id='word_1_49' title='bbox 467 839 500 879; x_wconf 91' lang='lat' dir='ltr'><strong>ea</strong></span> <span class='ocrx_word' id='word_1_50' title='bbox 515 839 568 897; x_wconf 88' lang='lat' dir='ltr'><strong>spe</strong></span> <span class='ocrx_word' id='word_1_51' title='bbox 583 819 700 898; x_wconf 88' lang='lat' dir='ltr'><strong>petisse.</strong></span> <span class='ocrx_word' id='word_1_52' title='bbox 728 821 759 880; x_wconf 87' lang='lat' dir='ltr'><strong>Si</strong></span> <span class='ocrx_word' id='word_1_53' title='bbox 774 838 827 898; x_wconf 90' lang='lat' dir='ltr'><strong>per</strong></span> <span class='ocrx_word' id='word_1_54' title='bbox 841 819 984 898; x_wconf 79' lang='lat' dir='ltr'><strong>poprdnm</strong></span> <span class='ocrx_word' id='word_1_55' title='bbox 995 820 1162 895; x_wconf 87' lang='lat' dir='ltr'><strong>Romanum</strong></span> <span class='ocrx_word' id='word_1_56' title='bbox 1178 820 1299 900; x_wconf 90' lang='lat' dir='ltr'><strong>stipen-</strong></span> 
     </span>
     <span class='ocr_line' id='line_1_7' title="bbox 238 903 1301 979; baseline 0.001 -14"><span class='ocrx_word' id='word_1_57' title='bbox 238 905 319 966; x_wconf 85' lang='lat' dir='ltr'><strong>dium</strong></span> <span class='ocrx_word' id='word_1_58' title='bbox 331 904 492 965; x_wconf 85' lang='lat' dir='ltr'><strong>remittatur</strong></span> <span class='ocrx_word' id='word_1_59' title='bbox 503 911 531 963; x_wconf 90' lang='lat' dir='ltr'><strong>et</strong></span> <span class='ocrx_word' id='word_1_60' title='bbox 543 903 668 964; x_wconf 79' lang='lat' dir='ltr'><strong>dediticii</strong></span> <span class='ocrx_word' id='word_1_61' title='bbox 680 905 894 979; x_wconf 81' lang='lat' dir='ltr'><strong>subtrahantur,</strong></span> <span class='ocrx_word' id='word_1_62' title='bbox 909 922 970 965; x_wconf 93' lang='lat' dir='ltr'><strong>non</strong></span> <span class='ocrx_word' id='word_1_63' title='bbox 982 905 1079 964; x_wconf 88' lang='lat' dir='ltr'><strong>minus</strong></span> <span class='ocrx_word' id='word_1_64' title='bbox 1091 904 1214 966; x_wconf 85' lang='lat' dir='ltr'><strong>libenter</strong></span> <span class='ocrx_word' id='word_1_65' title='bbox 1230 923 1301 966; x_wconf 87' lang='lat' dir='ltr'><strong>sese</strong></span> 
     </span>
    </p>

    <p class='ocr_par' dir='ltr' id='par_1_3' title="bbox 155 977 1298 1492">
     <span class='ocr_line' id='line_1_8' title="bbox 201 977 1298 1068; baseline -0.003 -15"><span class='ocrx_word' id='word_1_66' title='bbox 201 1004 217 1053; x_wconf 88' lang='grc'><strong>6</strong></span> <span class='ocrx_word' id='word_1_67' title='bbox 237 997 440 1050; x_wconf 77' lang='lat' dir='ltr'><strong>recusaturum</strong></span> <span class='ocrx_word' id='word_1_68' title='bbox 452 977 557 1068; x_wconf 82' lang='lat' dir='ltr'><strong>&#39;populi</strong></span> <span class='ocrx_word' id='word_1_69' title='bbox 572 989 697 1050; x_wconf 89' lang='lat' dir='ltr'><strong>Romani</strong></span> <span class='ocrx_word' id='word_1_70' title='bbox 718 989 885 1063; x_wconf 85' lang='lat' dir='ltr'><strong>amicitiam,</strong></span> <span class='ocrx_word' id='word_1_71' title='bbox 905 1008 993 1068; x_wconf 88' lang='lat' dir='ltr'><strong>quam</strong></span> <span class='ocrx_word' id='word_1_72' title='bbox 1013 989 1173 1068; x_wconf 84' lang='lat' dir='ltr'><strong>appetierit.</strong></span> <span class='ocrx_word' id='word_1_73' title='bbox 1205 989 1298 1062; x_wconf 81' lang='lat' dir='ltr'><strong>Quod</strong></span> 
     </span>
     <span class='ocr_line' id='line_1_9' title="bbox 155 1073 1297 1146; baseline -0.001 -10"><span class='ocrx_word' id='word_1_74' title='bbox 155 1133 156 1136; x_wconf 74' lang='grc'>,</span> <span class='ocrx_word' id='word_1_75' title='bbox 237 1073 451 1135; x_wconf 87' lang='lat' dir='ltr'><strong>multitudinem</strong></span> <span class='ocrx_word' id='word_1_76' title='bbox 473 1073 687 1134; x_wconf 89' lang='lat' dir='ltr'><strong>Germanorum</strong></span> <span class='ocrx_word' id='word_1_77' title='bbox 706 1074 736 1133; x_wconf 91' lang='lat' dir='ltr'><strong>in</strong></span> <span class='ocrx_word' id='word_1_78' title='bbox 757 1073 877 1134; x_wconf 85' lang='lat' dir='ltr'><strong>Galliam</strong></span> <span class='ocrx_word' id='word_1_79' title='bbox 896 1075 1038 1146; x_wconf 89' lang='lat' dir='ltr'><strong>traducat,</strong></span> <span class='ocrx_word' id='word_1_80' title='bbox 1057 1074 1087 1134; x_wconf 94' lang='lat' dir='ltr'><strong>id</strong></span> <span class='ocrx_word' id='word_1_81' title='bbox 1106 1093 1138 1134; x_wconf 90' lang='lat' dir='ltr'><strong>se</strong></span> <span class='ocrx_word' id='word_1_82' title='bbox 1158 1074 1205 1134; x_wconf 89' lang='lat' dir='ltr'><strong>sui</strong></span> <span class='ocrx_word' id='word_1_83' title='bbox 1225 1093 1297 1136; x_wconf 89' lang='lat' dir='ltr'><strong>mu·</strong></span> 
     </span>
     <span class='ocr_line' id='line_1_10' title="bbox 167 1157 1297 1236; baseline 0.002 -18"><span class='ocrx_word' id='word_1_84' title='bbox 167 1228 170 1234; x_wconf 25' lang='lat' dir='ltr'><em>s</em></span> <span class='ocrx_word' id='word_1_85' title='bbox 236 1159 347 1230; x_wconf 81' lang='lat' dir='ltr'><strong>mendi,</strong></span> <span class='ocrx_word' id='word_1_86' title='bbox 365 1175 427 1217; x_wconf 89' lang='lat' dir='ltr'><strong>non</strong></span> <span class='ocrx_word' id='word_1_87' title='bbox 443 1157 547 1219; x_wconf 84' lang='lat' dir='ltr'><strong>Galliae</strong></span> <span class='ocrx_word' id='word_1_88' title='bbox 567 1158 780 1236; x_wconf 82' lang='lat' dir='ltr'><strong>impugnandae</strong></span> <span class='ocrx_word' id='word_1_89' title='bbox 796 1177 881 1220; x_wconf 85' lang='lat' dir='ltr'><strong>causa</strong></span> <span class='ocrx_word' id='word_1_90' title='bbox 896 1160 1001 1220; x_wconf 88' lang='lat' dir='ltr'><strong>lacere:</strong></span> <span class='ocrx_word' id='word_1_91' title='bbox 1022 1159 1084 1218; x_wconf 91' lang='lat' dir='ltr'><strong>eius</strong></span> <span class='ocrx_word' id='word_1_92' title='bbox 1100 1159 1141 1219; x_wconf 89' lang='lat' dir='ltr'><strong>rei</strong></span> <span class='ocrx_word' id='word_1_93' title='bbox 1156 1159 1297 1220; x_wconf 86' lang='lat' dir='ltr'><strong>testimo-</strong></span> 
     </span>
     <span class='ocr_line' id='line_1_11' title="bbox 182 1239 1295 1322; baseline 0.002 -20"><span class='ocrx_word' id='word_1_94' title='bbox 182 1239 184 1245; x_wconf 76' lang='grc'><em>’</em></span> <span class='ocrx_word' id='word_1_95' title='bbox 236 1243 319 1303; x_wconf 88' lang='lat' dir='ltr'><strong>nium</strong></span> <span class='ocrx_word' id='word_1_96' title='bbox 339 1263 414 1316; x_wconf 88' lang='lat' dir='ltr'><strong>esse,</strong></span> <span class='ocrx_word' id='word_1_97' title='bbox 436 1243 514 1322; x_wconf 88' lang='lat' dir='ltr'><strong>quod</strong></span> <span class='ocrx_word' id='word_1_98' title='bbox 534 1243 592 1303; x_wconf 92' lang='lat' dir='ltr'><strong>nisi</strong></span> <span class='ocrx_word' id='word_1_99' title='bbox 610 1251 729 1322; x_wconf 84' lang='lat' dir='ltr'><strong>rogatus</strong></span> <span class='ocrx_word' id='word_1_100' title='bbox 749 1244 949 1316; x_wconf 76' lang='lat' dir='ltr'><strong>convenerit,</strong></span> <span class='ocrx_word' id='word_1_101' title='bbox 970 1252 998 1304; x_wconf 91' lang='lat' dir='ltr'><strong>et</strong></span> <span class='ocrx_word' id='word_1_102' title='bbox 1012 1245 1091 1322; x_wconf 84' lang='lat' dir='ltr'><strong>quod</strong></span> <span class='ocrx_word' id='word_1_103' title='bbox 1105 1243 1215 1304; x_wconf 89' lang='lat' dir='ltr'><strong>bellum</strong></span> <span class='ocrx_word' id='word_1_104' title='bbox 1229 1262 1295 1304; x_wconf 89' lang='lat' dir='ltr'><strong>non</strong></span> 
     </span>
     <span class='ocr_line' id='line_1_12' title="bbox 200 1327 1296 1407; baseline -0.002 -15"><span class='ocrx_word' id='word_1_105' title='bbox 200 1344 214 1392; x_wconf 80' lang='lat'><strong>7</strong></span> <span class='ocrx_word' id='word_1_106' title='bbox 236 1327 374 1402; x_wconf 87' lang='lat' dir='ltr'><strong>intulerit,</strong></span> <span class='ocrx_word' id='word_1_107' title='bbox 395 1328 445 1389; x_wconf 88' lang='lat' dir='ltr'><strong>sed</strong></span> <span class='ocrx_word' id='word_1_108' title='bbox 461 1328 626 1388; x_wconf 84' lang='lat' dir='ltr'><strong>defenderit.</strong></span> <span class='ocrx_word' id='word_1_109' title='bbox 658 1328 696 1388; x_wconf 87' lang='lat' dir='ltr'><strong>Se</strong></span> <span class='ocrx_word' id='word_1_110' title='bbox 710 1329 792 1407; x_wconf 90' lang='lat' dir='ltr'><strong>prius</strong></span> <span class='ocrx_word' id='word_1_111' title='bbox 811 1328 842 1388; x_wconf 92' lang='lat' dir='ltr'><strong>in</strong></span> <span class='ocrx_word' id='word_1_112' title='bbox 857 1328 975 1389; x_wconf 86' lang='lat' dir='ltr'><strong>Galliam</strong></span> <span class='ocrx_word' id='word_1_113' title='bbox 995 1328 1109 1388; x_wconf 89' lang='lat' dir='ltr'><strong>venisse</strong></span> <span class='ocrx_word' id='word_1_114' title='bbox 1124 1345 1212 1407; x_wconf 86' lang='lat' dir='ltr'><strong>quam</strong></span> <span class='ocrx_word' id='word_1_115' title='bbox 1236 1348 1296 1407; x_wconf 89' lang='lat' dir='ltr'><strong>po-</strong></span> 
     </span>
     <span class='ocr_line' id='line_1_13' title="bbox 236 1410 1295 1492; baseline 0.002 -20"><span class='ocrx_word' id='word_1_116' title='bbox 236 1413 338 1491; x_wconf 89' lang='lat' dir='ltr'><strong>pulum</strong></span> <span class='ocrx_word' id='word_1_117' title='bbox 349 1413 525 1473; x_wconf 86' lang='lat' dir='ltr'><strong>Romanum.</strong></span> <span class='ocrx_word' id='word_1_118' title='bbox 551 1412 717 1491; x_wconf 79' lang='lat' dir='ltr'><strong>Numquam</strong></span> <span class='ocrx_word' id='word_1_119' title='bbox 732 1410 869 1474; x_wconf 74' lang='lat' dir='ltr'><strong>antehoc</strong></span> <span class='ocrx_word' id='word_1_120' title='bbox 884 1417 1000 1491; x_wconf 86' lang='lat' dir='ltr'><strong>tempus</strong></span> <span class='ocrx_word' id='word_1_121' title='bbox 1015 1413 1173 1474; x_wconf 85' lang='lat' dir='ltr'><strong>exercitum</strong></span> <span class='ocrx_word' id='word_1_122' title='bbox 1188 1414 1295 1492; x_wconf 92' lang='lat' dir='ltr'><strong>populi</strong></span> 
     </span>
    </p>

    <p class='ocr_par' dir='ltr' id='par_1_4' title="bbox 200 1497 1297 1831">
     <span class='ocr_line' id='line_1_14' title="bbox 200 1497 1297 1576; baseline 0 -16"><span class='ocrx_word' id='word_1_123' title='bbox 200 1511 215 1560; x_wconf 83' lang='lat'>8</span> <span class='ocrx_word' id='word_1_124' title='bbox 236 1499 360 1559; x_wconf 85' lang='lat' dir='ltr'><strong>Romani</strong></span> <span class='ocrx_word' id='word_1_125' title='bbox 376 1497 481 1558; x_wconf 85' lang='lat' dir='ltr'><strong>Galbae</strong></span> <span class='ocrx_word' id='word_1_126' title='bbox 496 1497 660 1576; x_wconf 91' lang='lat' dir='ltr'><strong>provinciae</strong></span> <span class='ocrx_word' id='word_1_127' title='bbox 675 1499 747 1558; x_wconf 86' lang='lat' dir='ltr'><strong>fines</strong></span> <span class='ocrx_word' id='word_1_128' title='bbox 764 1517 922 1576; x_wconf 87' lang='lat' dir='ltr'><strong>egressum.</strong></span> <span class='ocrx_word' id='word_1_129' title='bbox 953 1498 1030 1571; x_wconf 83' lang='lat' dir='ltr'><strong>Quid</strong></span> <span class='ocrx_word' id='word_1_130' title='bbox 1052 1497 1107 1558; x_wconf 91' lang='lat' dir='ltr'><strong>sibi</strong></span> <span class='ocrx_word' id='word_1_131' title='bbox 1125 1497 1220 1571; x_wconf 83' lang='lat' dir='ltr'><strong>vellet,</strong></span> <span class='ocrx_word' id='word_1_132' title='bbox 1242 1517 1297 1560; x_wconf 89' lang='lat' dir='ltr'><strong>cur</strong></span> 
     </span>
     <span class='ocr_line' id='line_1_15' title="bbox 236 1581 1295 1662; baseline 0.002 -20"><span class='ocrx_word' id='word_1_133' title='bbox 236 1583 267 1642; x_wconf 93' lang='lat' dir='ltr'><strong>in</strong></span> <span class='ocrx_word' id='word_1_134' title='bbox 278 1602 346 1643; x_wconf 90' lang='lat' dir='ltr'><strong>suas</strong></span> <span class='ocrx_word' id='word_1_135' title='bbox 358 1583 563 1662; x_wconf 89' lang='lat' dir='ltr'><strong>possessiones</strong></span> <span class='ocrx_word' id='word_1_136' title='bbox 574 1581 704 1643; x_wconf 76' lang='lat' dir='ltr'><strong>veniret?</strong></span> <span class='ocrx_word' id='word_1_137' title='bbox 716 1583 899 1644; x_wconf 87' lang='lat' dir='ltr'><strong>Provinciam</strong></span> <span class='ocrx_word' id='word_1_138' title='bbox 910 1602 994 1644; x_wconf 86' lang='lat' dir='ltr'><strong>suam</strong></span> <span class='ocrx_word' id='word_1_139' title='bbox 1005 1584 1081 1647; x_wconf 80' lang='lat' dir='ltr'><strong>bane</strong></span> <span class='ocrx_word' id='word_1_140' title='bbox 1091 1601 1155 1644; x_wconf 89' lang='lat' dir='ltr'><strong>esse</strong></span> <span class='ocrx_word' id='word_1_141' title='bbox 1161 1583 1295 1656; x_wconf 84' lang='lat' dir='ltr'><strong>Galliam,</strong></span> 
     </span>
     <span class='ocr_line' id='line_1_16' title="bbox 236 1667 1295 1746; baseline 0 -18"><span class='ocrx_word' id='word_1_142' title='bbox 236 1668 310 1728; x_wconf 89' lang='lat' dir='ltr'><strong>sicut</strong></span> <span class='ocrx_word' id='word_1_143' title='bbox 324 1669 402 1728; x_wconf 87' lang='lat' dir='ltr'><strong>illam</strong></span> <span class='ocrx_word' id='word_1_144' title='bbox 416 1675 557 1729; x_wconf 89' lang='lat' dir='ltr'><strong>nostram.</strong></span> <span class='ocrx_word' id='word_1_145' title='bbox 584 1668 622 1728; x_wconf 87' lang='lat' dir='ltr'><strong>Ut</strong></span> <span class='ocrx_word' id='word_1_146' title='bbox 636 1668 692 1746; x_wconf 90' lang='lat' dir='ltr'><strong>ipsi</strong></span> <span class='ocrx_word' id='word_1_147' title='bbox 705 1669 825 1729; x_wconf 87' lang='lat' dir='ltr'><strong>concedi</strong></span> <span class='ocrx_word' id='word_1_148' title='bbox 835 1686 898 1730; x_wconf 93' lang='lat' dir='ltr'><strong>non</strong></span> <span class='ocrx_word' id='word_1_149' title='bbox 913 1675 1069 1746; x_wconf 84' lang='lat' dir='ltr'><strong>oporteret,</strong></span> <span class='ocrx_word' id='word_1_150' title='bbox 1084 1667 1110 1728; x_wconf 91' lang='lat' dir='ltr'><strong>si</strong></span> <span class='ocrx_word' id='word_1_151' title='bbox 1124 1667 1155 1728; x_wconf 91' lang='lat' dir='ltr'><strong>in</strong></span> <span class='ocrx_word' id='word_1_152' title='bbox 1169 1675 1295 1729; x_wconf 87' lang='lat' dir='ltr'><strong>nostros</strong></span> 
     </span>
     <span class='ocr_line' id='line_1_17' title="bbox 236 1753 1294 1831; baseline 0.002 -19"><span class='ocrx_word' id='word_1_153' title='bbox 236 1753 308 1813; x_wconf 87' lang='lat' dir='ltr'><strong>dues</strong></span> <span class='ocrx_word' id='word_1_154' title='bbox 328 1753 471 1831; x_wconf 89' lang='lat' dir='ltr'><strong>impetum</strong></span> <span class='ocrx_word' id='word_1_155' title='bbox 492 1755 608 1824; x_wconf 87' lang='lat' dir='ltr'><strong>laceret,</strong></span> <span class='ocrx_word' id='word_1_156' title='bbox 629 1753 671 1814; x_wconf 91' lang='lat' dir='ltr'><strong>sic</strong></span> <span class='ocrx_word' id='word_1_157' title='bbox 685 1753 755 1814; x_wconf 90' lang='lat' dir='ltr'><strong>item</strong></span> <span class='ocrx_word' id='word_1_158' title='bbox 773 1771 829 1814; x_wconf 89' lang='lat' dir='ltr'><strong>nos</strong></span> <span class='ocrx_word' id='word_1_159' title='bbox 850 1772 914 1814; x_wconf 89' lang='lat' dir='ltr'><strong>esse</strong></span> <span class='ocrx_word' id='word_1_160' title='bbox 934 1753 1064 1831; x_wconf 87' lang='lat' dir='ltr'><strong>iniquos,</strong></span> <span class='ocrx_word' id='word_1_161' title='bbox 1085 1753 1164 1830; x_wconf 89' lang='lat' dir='ltr'><strong>quod</strong></span> <span class='ocrx_word' id='word_1_162' title='bbox 1184 1753 1216 1812; x_wconf 94' lang='lat' dir='ltr'><strong>in</strong></span> <span class='ocrx_word' id='word_1_163' title='bbox 1237 1772 1294 1814; x_wconf 92' lang='lat' dir='ltr'><strong>suo</strong></span> 
     </span>
    </p>

    <p class='ocr_par' dir='ltr' id='par_1_5' title="bbox 171 1837 1294 2256">
     <span class='ocr_line' id='line_1_18' title="bbox 171 1837 1294 1917; baseline 0 -19"><span class='ocrx_word' id='word_1_164' title='bbox 171 1861 173 1866; x_wconf 94' lang='lat'>·</span> <span class='ocrx_word' id='word_1_165' title='bbox 200 1851 215 1898; x_wconf 81' lang='lat'>9</span> <span class='ocrx_word' id='word_1_166' title='bbox 235 1837 298 1898; x_wconf 86' lang='lat' dir='ltr'><strong>iure</strong></span> <span class='ocrx_word' id='word_1_167' title='bbox 313 1857 345 1898; x_wconf 88' lang='lat' dir='ltr'><strong>se</strong></span> <span class='ocrx_word' id='word_1_168' title='bbox 359 1837 617 1916; x_wconf 87' lang='lat' dir='ltr'><strong>interpellaremus.</strong></span> <span class='ocrx_word' id='word_1_169' title='bbox 646 1838 732 1909; x_wconf 87' lang='lat' dir='ltr'><strong>Quod</strong></span> <span class='ocrx_word' id='word_1_170' title='bbox 747 1839 849 1900; x_wconf 86' lang='lat' dir='ltr'><strong>fratres</strong></span> <span class='ocrx_word' id='word_1_171' title='bbox 866 1857 882 1898; x_wconf 87' lang='lat' dir='ltr'><strong>a</strong></span> <span class='ocrx_word' id='word_1_172' title='bbox 896 1845 999 1900; x_wconf 88' lang='lat' dir='ltr'><strong>senatu</strong></span> <span class='ocrx_word' id='word_1_173' title='bbox 1013 1837 1148 1900; x_wconf 89' lang='lat' dir='ltr'><strong>Haeduos</strong></span> <span class='ocrx_word' id='word_1_174' title='bbox 1163 1837 1294 1917; x_wconf 89' lang='lat' dir='ltr'><strong>appella-</strong></span> 
     </span>
     <span class='ocr_line' id='line_1_19' title="bbox 237 1921 1293 2002; baseline 0.004 -22"><span class='ocrx_word' id='word_1_175' title='bbox 237 1930 283 1980; x_wconf 90' lang='lat' dir='ltr'><strong>tos</strong></span> <span class='ocrx_word' id='word_1_176' title='bbox 299 1921 414 1994; x_wconf 87' lang='lat' dir='ltr'><strong>diceret,</strong></span> <span class='ocrx_word' id='word_1_177' title='bbox 430 1939 491 1983; x_wconf 92' lang='lat' dir='ltr'><strong>non</strong></span> <span class='ocrx_word' id='word_1_178' title='bbox 507 1941 537 1981; x_wconf 89' lang='lat' dir='ltr'><strong>se</strong></span> <span class='ocrx_word' id='word_1_179' title='bbox 553 1930 612 1982; x_wconf 84' lang='lat' dir='ltr'><strong>tam</strong></span> <span class='ocrx_word' id='word_1_180' title='bbox 626 1922 783 1984; x_wconf 86' lang='lat' dir='ltr'><strong>barbarum</strong></span> <span class='ocrx_word' id='word_1_181' title='bbox 797 1941 890 2001; x_wconf 90' lang='lat' dir='ltr'><strong>neque</strong></span> <span class='ocrx_word' id='word_1_182' title='bbox 905 1931 964 1982; x_wconf 91' lang='lat' dir='ltr'><strong>tam</strong></span> <span class='ocrx_word' id='word_1_183' title='bbox 979 1921 1148 2002; x_wconf 85' lang='lat' dir='ltr'><strong>imperitum</strong></span> <span class='ocrx_word' id='word_1_184' title='bbox 1164 1941 1229 1984; x_wconf 83' lang='lat' dir='ltr'><strong>esse</strong></span> <span class='ocrx_word' id='word_1_185' title='bbox 1244 1941 1293 1984; x_wconf 88' lang='lat' dir='ltr'><strong>re·</strong></span> 
     </span>
     <span class='ocr_line' id='line_1_20' title="bbox 235 2006 1292 2086; baseline 0.003 -21"><span class='ocrx_word' id='word_1_186' title='bbox 235 2024 315 2077; x_wconf 84' lang='lat' dir='ltr'><strong>rum,</strong></span> <span class='ocrx_word' id='word_1_187' title='bbox 342 2014 454 2065; x_wconf 90' lang='lat' dir='ltr'><strong>utnon</strong></span> <span class='ocrx_word' id='word_1_188' title='bbox 476 2006 562 2066; x_wconf 89' lang='lat' dir='ltr'><strong>sciret</strong></span> <span class='ocrx_word' id='word_1_189' title='bbox 582 2023 675 2084; x_wconf 88' lang='lat' dir='ltr'><strong>neque</strong></span> <span class='ocrx_word' id='word_1_190' title='bbox 694 2007 768 2066; x_wconf 91' lang='lat' dir='ltr'><strong>bello</strong></span> <span class='ocrx_word' id='word_1_191' title='bbox 790 2007 978 2084; x_wconf 81' lang='lat' dir='ltr'><strong>Allobrogum</strong></span> <span class='ocrx_word' id='word_1_192' title='bbox 998 2007 1133 2086; x_wconf 83' lang='lat' dir='ltr'><strong>proximo</strong></span> <span class='ocrx_word' id='word_1_193' title='bbox 1153 2008 1292 2068; x_wconf 88' lang='lat' dir='ltr'><strong>Haeduos</strong></span> 
     </span>
     <span class='ocr_line' id='line_1_21' title="bbox 235 2089 1292 2170; baseline 0.002 -20"><span class='ocrx_word' id='word_1_194' title='bbox 235 2089 377 2150; x_wconf 89' lang='lat' dir='ltr'><strong>Romanis</strong></span> <span class='ocrx_word' id='word_1_195' title='bbox 393 2090 528 2159; x_wconf 85' lang='lat' dir='ltr'><strong>auxilium</strong></span> <span class='ocrx_word' id='word_1_196' title='bbox 544 2090 644 2151; x_wconf 89' lang='lat' dir='ltr'><strong>tulisse</strong></span> <span class='ocrx_word' id='word_1_197' title='bbox 655 2109 748 2169; x_wconf 88' lang='lat' dir='ltr'><strong>neque</strong></span> <span class='ocrx_word' id='word_1_198' title='bbox 763 2091 845 2170; x_wconf 91' lang='lat' dir='ltr'><strong>ipsos</strong></span> <span class='ocrx_word' id='word_1_199' title='bbox 857 2092 887 2151; x_wconf 93' lang='lat' dir='ltr'><strong>in</strong></span> <span class='ocrx_word' id='word_1_200' title='bbox 898 2091 945 2152; x_wconf 89' lang='lat' dir='ltr'><strong>his</strong></span> <span class='ocrx_word' id='word_1_201' title='bbox 958 2091 1203 2165; x_wconf 87' lang='lat' dir='ltr'><strong>contentionibus,</strong></span> <span class='ocrx_word' id='word_1_202' title='bbox 1220 2111 1292 2170; x_wconf 90' lang='lat' dir='ltr'><strong>quas</strong></span> 
     </span>
     <span class='ocr_line' id='line_1_22' title="bbox 235 2173 1290 2256; baseline 0.004 -22"><span class='ocrx_word' id='word_1_203' title='bbox 235 2173 346 2234; x_wconf 89' lang='lat' dir='ltr'><strong>Haedui</strong></span> <span class='ocrx_word' id='word_1_204' title='bbox 366 2194 465 2236; x_wconf 89' lang='lat' dir='ltr'><strong>secum</strong></span> <span class='ocrx_word' id='word_1_205' title='bbox 485 2183 513 2236; x_wconf 88' lang='lat' dir='ltr'><strong>et</strong></span> <span class='ocrx_word' id='word_1_206' title='bbox 531 2195 598 2235; x_wconf 86' lang='lat' dir='ltr'><strong>cum</strong></span> <span class='ocrx_word' id='word_1_207' title='bbox 614 2175 756 2254; x_wconf 87' lang='lat' dir='ltr'><strong>Sequanis</strong></span> <span class='ocrx_word' id='word_1_208' title='bbox 776 2177 958 2249; x_wconf 80' lang='lat' dir='ltr'><strong>habuissent,</strong></span> <span class='ocrx_word' id='word_1_209' title='bbox 979 2177 1083 2238; x_wconf 89' lang='lat' dir='ltr'><strong>auxilio</strong></span> <span class='ocrx_word' id='word_1_210' title='bbox 1103 2177 1206 2256; x_wconf 93' lang='lat' dir='ltr'><strong>populi</strong></span> <span class='ocrx_word' id='word_1_211' title='bbox 1227 2179 1290 2240; x_wconf 81' lang='lat' dir='ltr'><strong>Ro-</strong></span> 
     </span>
    </p>

    <p class='ocr_par' dir='ltr' id='par_1_6' title="bbox 184 2259 1291 2424">
     <span class='ocr_line' id='line_1_23' title="bbox 184 2259 1291 2339; baseline 0.005 -21"><span class='ocrx_word' id='word_1_212' title='bbox 184 2276 214 2328; x_wconf 84' lang='lat'><strong>10</strong></span> <span class='ocrx_word' id='word_1_213' title='bbox 235 2259 314 2318; x_wconf 90' lang='lat' dir='ltr'><strong>mani</strong></span> <span class='ocrx_word' id='word_1_214' title='bbox 329 2278 400 2319; x_wconf 92' lang='lat' dir='ltr'><strong>usos</strong></span> <span class='ocrx_word' id='word_1_215' title='bbox 416 2279 490 2320; x_wconf 82' lang='lat' dir='ltr'><strong>esse.</strong></span> <span class='ocrx_word' id='word_1_216' title='bbox 517 2260 626 2320; x_wconf 86' lang='lat' dir='ltr'><strong>Debere</strong></span> <span class='ocrx_word' id='word_1_217' title='bbox 641 2280 672 2320; x_wconf 92' lang='lat' dir='ltr'><strong>se</strong></span> <span class='ocrx_word' id='word_1_218' title='bbox 687 2261 829 2339; x_wconf 86' lang='lat' dir='ltr'><strong>suspicari</strong></span> <span class='ocrx_word' id='word_1_219' title='bbox 845 2261 977 2322; x_wconf 90' lang='lat' dir='ltr'><strong>simulata</strong></span> <span class='ocrx_word' id='word_1_220' title='bbox 989 2261 1141 2322; x_wconf 85' lang='lat' dir='ltr'><strong>Caesarem</strong></span> <span class='ocrx_word' id='word_1_221' title='bbox 1156 2261 1291 2335; x_wconf 85' lang='lat' dir='ltr'><strong>amicitia,</strong></span> 
     </span>
     <span class='ocr_line' id='line_1_24' title="bbox 235 2344 1290 2424; baseline 0.003 -20"><span class='ocrx_word' id='word_1_222' title='bbox 235 2344 314 2422; x_wconf 81' lang='lat' dir='ltr'><strong>quod</strong></span> <span class='ocrx_word' id='word_1_223' title='bbox 333 2345 490 2406; x_wconf 88' lang='lat' dir='ltr'><strong>exercitum</strong></span> <span class='ocrx_word' id='word_1_224' title='bbox 504 2345 534 2404; x_wconf 91' lang='lat' dir='ltr'><strong>in</strong></span> <span class='ocrx_word' id='word_1_225' title='bbox 550 2345 638 2406; x_wconf 88' lang='lat' dir='ltr'><strong>Gallia</strong></span> <span class='ocrx_word' id='word_1_226' title='bbox 657 2345 773 2419; x_wconf 85' lang='lat' dir='ltr'><strong>habeat,</strong></span> <span class='ocrx_word' id='word_1_227' title='bbox 795 2346 841 2406; x_wconf 90' lang='lat' dir='ltr'><strong>sui</strong></span> <span class='ocrx_word' id='word_1_228' title='bbox 862 2346 1047 2424; x_wconf 89' lang='lat' dir='ltr'><strong>opprimendi</strong></span> <span class='ocrx_word' id='word_1_229' title='bbox 1068 2365 1154 2407; x_wconf 83' lang='lat' dir='ltr'><strong>causa</strong></span> <span class='ocrx_word' id='word_1_230' title='bbox 1173 2347 1290 2408; x_wconf 85' lang='lat' dir='ltr'><strong>habere.-</strong></span> 
     </span>
    </p>

    <p class='ocr_par' dir='ltr' id='par_1_7' title="bbox 183 2429 1290 2594">
     <span class='ocr_line' id='line_1_25' title="bbox 183 2429 1290 2509; baseline -0.002 -17"><span class='ocrx_word' id='word_1_231' title='bbox 183 2443 212 2494; x_wconf 86' lang='lat'><strong>11</strong></span> <span class='ocrx_word' id='word_1_232' title='bbox 235 2429 291 2500; x_wconf 84' lang='lat' dir='ltr'><strong>Qui</strong></span> <span class='ocrx_word' id='word_1_233' title='bbox 306 2429 362 2490; x_wconf 91' lang='lat' dir='ltr'><strong>nisi</strong></span> <span class='ocrx_word' id='word_1_234' title='bbox 378 2430 496 2490; x_wconf 80' lang='lat' dir='ltr'><strong>decedat</strong></span> <span class='ocrx_word' id='word_1_235' title='bbox 510 2437 594 2508; x_wconf 85' lang='lat' dir='ltr'><strong>etque</strong></span> <span class='ocrx_word' id='word_1_236' title='bbox 610 2430 766 2490; x_wconf 84' lang='lat' dir='ltr'><strong>exercitum</strong></span> <span class='ocrx_word' id='word_1_237' title='bbox 782 2431 905 2491; x_wconf 90' lang='lat' dir='ltr'><strong>deducat</strong></span> <span class='ocrx_word' id='word_1_238' title='bbox 918 2451 952 2490; x_wconf 87' lang='lat' dir='ltr'><strong>ex</strong></span> <span class='ocrx_word' id='word_1_239' title='bbox 967 2431 1013 2492; x_wconf 92' lang='lat' dir='ltr'><strong>his</strong></span> <span class='ocrx_word' id='word_1_240' title='bbox 1029 2431 1207 2509; x_wconf 82' lang='lat' dir='ltr'><strong>regionibus,</strong></span> <span class='ocrx_word' id='word_1_241' title='bbox 1225 2449 1290 2492; x_wconf 87' lang='lat' dir='ltr'><strong>sese</strong></span> 
     </span>
     <span class='ocr_line' id='line_1_26' title="bbox 184 2513 1289 2594; baseline -0.003 -15"><span class='ocrx_word' id='word_1_242' title='bbox 184 2529 214 2579; x_wconf 83' lang='lat'><strong>12</strong></span> <span class='ocrx_word' id='word_1_243' title='bbox 235 2513 316 2574; x_wconf 90' lang='lat' dir='ltr'><strong>illum</strong></span> <span class='ocrx_word' id='word_1_244' title='bbox 331 2533 391 2575; x_wconf 92' lang='lat' dir='ltr'><strong>non</strong></span> <span class='ocrx_word' id='word_1_245' title='bbox 407 2534 462 2594; x_wconf 95' lang='lat' dir='ltr'><strong>pro</strong></span> <span class='ocrx_word' id='word_1_246' title='bbox 478 2515 581 2586; x_wconf 85' lang='lat' dir='ltr'><strong>amieo,</strong></span> <span class='ocrx_word' id='word_1_247' title='bbox 597 2516 648 2575; x_wconf 90' lang='lat' dir='ltr'><strong>sed</strong></span> <span class='ocrx_word' id='word_1_248' title='bbox 663 2515 748 2574; x_wconf 90' lang='lat' dir='ltr'><strong>hoste</strong></span> <span class='ocrx_word' id='word_1_249' title='bbox 762 2515 938 2577; x_wconf 84' lang='lat' dir='ltr'><strong>habitururn.</strong></span> <span class='ocrx_word' id='word_1_250' title='bbox 971 2516 1058 2589; x_wconf 83' lang='lat' dir='ltr'><strong>Quod</strong></span> <span class='ocrx_word' id='word_1_251' title='bbox 1074 2515 1099 2575; x_wconf 90' lang='lat' dir='ltr'><strong>si</strong></span> <span class='ocrx_word' id='word_1_252' title='bbox 1115 2534 1181 2576; x_wconf 88' lang='lat' dir='ltr'><strong>eum</strong></span> <span class='ocrx_word' id='word_1_253' title='bbox 1197 2515 1289 2576; x_wconf 89' lang='lat' dir='ltr'><strong>inter-</strong></span> 
     </span>
    </p>
   </div>
   <div class='ocr_carea' id='block_1_3' title="bbox 233 2672 1292 2818">
    <p class='ocr_par' dir='ltr' id='par_1_8' title="bbox 233 2672 1292 2818">
     <span class='ocr_line' id='line_1_27' title="bbox 267 2672 1292 2750; baseline 0.001 -19"><span class='ocrx_word' id='word_1_254' title='bbox 267 2683 291 2732; x_wconf 91' lang='grc'>4,</span> <span class='ocrx_word' id='word_1_255' title='bbox 306 2687 430 2750; x_wconf 80' lang='lat' dir='ltr'><strong>paratum</strong></span> <span class='ocrx_word' id='word_1_256' title='bbox 447 2700 503 2733; x_wconf 77' lang='lat' dir='ltr'><strong>erse</strong></span> <span class='ocrx_word' id='word_1_257' title='bbox 520 2683 659 2734; x_wconf 81' lang='lat' dir='ltr'><strong>decertare.</strong></span> <span class='ocrx_word' id='word_1_258' title='bbox 683 2683 735 2732; x_wconf 89' lang='lat' dir='ltr'><strong>Der</strong></span> <span class='ocrx_word' id='word_1_259' title='bbox 823 2683 847 2732; x_wconf 87' lang='grc'><strong>8.</strong></span> <span class='ocrx_word' id='word_1_260' title='bbox 866 2699 913 2734; x_wconf 84' lang='lat' dir='ltr'><strong>our</strong></span> <span class='ocrx_word' id='word_1_261' title='bbox 921 2687 1019 2734; x_wconf 73' lang='lat' dir='ltr'><strong>veniret</strong></span> <span class='ocrx_word' id='word_1_262' title='bbox 1029 2672 1106 2746; x_wconf 70' lang='lat' dir='ltr'><strong>biiugi</strong></span> <span class='ocrx_word' id='word_1_263' title='bbox 1115 2698 1163 2732; x_wconf 92' lang='lat' dir='ltr'><strong>von</strong></span> <span class='ocrx_word' id='word_1_264' title='bbox 1174 2683 1237 2748; x_wconf 77' lang='lat' dir='ltr'><strong>perid</strong></span> <span class='ocrx_word' id='word_1_265' title='bbox 1243 2687 1292 2734; x_wconf 81' lang='lat' dir='ltr'><strong>ribi</strong></span> 
     </span>
     <span class='ocr_line' id='line_1_28' title="bbox 233 2748 1288 2818; baseline 0.001 -19"><span class='ocrx_word' id='word_1_266' title='bbox 233 2748 343 2800; x_wconf 88' lang='lat' dir='ltr'><strong>Infinitiv</strong></span> <span class='ocrx_word' id='word_1_267' title='bbox 360 2752 399 2800; x_wconf 92' lang='lat' dir='ltr'><strong>bei</strong></span> <span class='ocrx_word' id='word_1_268' title='bbox 409 2756 519 2818; x_wconf 79' lang='lat' dir='ltr'><strong>paratus·</strong></span> <span class='ocrx_word' id='word_1_269' title='bbox 531 2774 565 2792; x_wconf 94' lang='lat'><strong><em>=</em></strong></span> <span class='ocrx_word' id='word_1_270' title='bbox 577 2751 671 2812; x_wconf 74' lang='lat' dir='ltr'><strong>hereb,</strong></span> <span class='ocrx_word' id='word_1_271' title='bbox 692 2749 737 2800; x_wconf 84' lang='lat' dir='ltr'><strong>aul</strong></span> <span class='ocrx_word' id='word_1_272' title='bbox 789 2751 863 2801; x_wconf 75' lang='lat' dir='ltr'><strong>vellet</strong></span> <span class='ocrx_word' id='word_1_273' title='bbox 881 2753 925 2801; x_wconf 84' lang='lat' dir='ltr'><strong>ab:</strong></span> <span class='ocrx_word' id='word_1_274' title='bbox 951 2767 1004 2800; x_wconf 85' lang='lat' dir='ltr'><strong>was</strong></span> <span class='ocrx_word' id='word_1_275' title='bbox 1022 2767 1052 2800; x_wconf 90' lang='lat' dir='ltr'><strong>er</strong></span> <span class='ocrx_word' id='word_1_276' title='bbox 1069 2752 1135 2800; x_wconf 83' lang='lat' dir='ltr'><strong>deno</strong></span> <span class='ocrx_word' id='word_1_277' title='bbox 1154 2750 1209 2810; x_wconf 80' lang='lat' dir='ltr'><strong>(liir</strong></span> <span class='ocrx_word' id='word_1_278' title='bbox 1227 2752 1288 2813; x_wconf 81' lang='lat' dir='ltr'><strong>sich)</strong></span> 
     </span>
    </p>
   </div>
   <div class='ocr_carea' id='block_1_4' title="bbox 232 2817 1289 3016">
    <p class='ocr_par' dir='ltr' id='par_1_9' title="bbox 232 2817 1289 3016">
     <span class='ocr_line' id='line_1_29' title="bbox 232 2817 1289 2882; baseline 0.002 -16"><span class='ocrx_word' id='word_1_279' title='bbox 232 2825 312 2867; x_wconf 85' lang='lat' dir='ltr'><strong>etwas</strong></span> <span class='ocrx_word' id='word_1_280' title='bbox 325 2819 433 2881; x_wconf 82' lang='lat' dir='ltr'><strong>gelasst,</strong></span> <span class='ocrx_word' id='word_1_281' title='bbox 452 2817 489 2867; x_wconf 82' lang='lat' dir='ltr'><strong>oft</strong></span> <span class='ocrx_word' id='word_1_282' title='bbox 500 2818 540 2867; x_wconf 86' lang='lat' dir='ltr'><strong>bei</strong></span> <span class='ocrx_word' id='word_1_283' title='bbox 552 2819 578 2867; x_wconf 85' lang='lat' dir='ltr'><strong>C.</strong></span> <span class='ocrx_word' id='word_1_284' title='bbox 592 2835 614 2868; x_wconf 88' lang='lat' dir='ltr'><strong>z.</strong></span> <span class='ocrx_word' id='word_1_285' title='bbox 627 2819 654 2868; x_wconf 89' lang='lat' dir='ltr'><strong>B.</strong></span> <span class='ocrx_word' id='word_1_286' title='bbox 667 2817 691 2869; x_wconf 84' lang='grc'>2,</span> <span class='ocrx_word' id='word_1_287' title='bbox 710 2817 734 2881; x_wconf 91' lang='lat'><strong>3,</strong></span> <span class='ocrx_word' id='word_1_288' title='bbox 788 2819 876 2881; x_wconf 90' lang='lat' dir='ltr'><strong>wolle,</strong></span> <span class='ocrx_word' id='word_1_289' title='bbox 901 2821 960 2868; x_wconf 83' lang='lat' dir='ltr'><strong>dass</strong></span> <span class='ocrx_word' id='word_1_290' title='bbox 981 2835 1010 2867; x_wconf 90' lang='lat' dir='ltr'><strong>er</strong></span> <span class='ocrx_word' id='word_1_291' title='bbox 1029 2835 1075 2876; x_wconf 84' lang='grc'><strong>-;</strong></span> <span class='ocrx_word' id='word_1_292' title='bbox 1103 2834 1150 2868; x_wconf 83' lang='lat' dir='ltr'><strong>cur</strong></span> <span class='ocrx_word' id='word_1_293' title='bbox 1169 2819 1224 2868; x_wconf 85' lang='lat' dir='ltr'><strong>nlso</strong></span> <span class='ocrx_word' id='word_1_294' title='bbox 1245 2834 1289 2882; x_wconf 79' lang='lat' dir='ltr'><strong>ge-</strong></span> 
     </span>
     <span class='ocr_line' id='line_1_30' title="bbox 233 2884 735 2948; baseline 0 -14"><span class='ocrx_word' id='word_1_295' title='bbox 233 2884 256 2934; x_wconf 92' lang='lat'><strong>3.</strong></span> <span class='ocrx_word' id='word_1_296' title='bbox 269 2885 295 2934; x_wconf 89' lang='grc' dir='ltr'><strong>Β.</strong></span> <span class='ocrx_word' id='word_1_297' title='bbox 309 2886 335 2934; x_wconf 87' lang='lat' dir='ltr'><strong>C.</strong></span> <span class='ocrx_word' id='word_1_298' title='bbox 351 2886 373 2934; x_wconf 90' lang='lat'><strong>1.</strong></span> <span class='ocrx_word' id='word_1_299' title='bbox 387 2887 410 2948; x_wconf 78' lang='grc' dir='ltr'>Τ,</span> <span class='ocrx_word' id='word_1_300' title='bbox 424 2887 448 2934; x_wconf 82' lang='lat'><strong>7.</strong></span> <span class='ocrx_word' id='word_1_301' title='bbox 461 2885 502 2947; x_wconf 86' lang='lat'><strong>20,</strong></span> <span class='ocrx_word' id='word_1_302' title='bbox 513 2885 537 2934; x_wconf 86' lang='lat'><strong>5.</strong></span> <span class='ocrx_word' id='word_1_303' title='bbox 548 2885 570 2934; x_wconf 86' lang='lat'><strong>3.</strong></span> <span class='ocrx_word' id='word_1_304' title='bbox 584 2886 607 2948; x_wconf 80' lang='lat' dir='ltr'><strong>a,</strong></span> <span class='ocrx_word' id='word_1_305' title='bbox 621 2887 645 2935; x_wconf 88' lang='lat'><strong>5.</strong></span> <span class='ocrx_word' id='word_1_306' title='bbox 658 2885 735 2934; x_wconf 89' lang='lat' dir='ltr'><strong>Sonst</strong></span> 
     </span>
     <span class='ocr_line' id='line_1_31' title="bbox 233 2951 735 3016; baseline -0.004 -14"><span class='ocrx_word' id='word_1_307' title='bbox 233 2951 269 3002; x_wconf 81' lang='lat' dir='ltr'><strong>ad</strong></span> <span class='ocrx_word' id='word_1_308' title='bbox 286 2951 323 3014; x_wconf 80' lang='lat'><strong>(1,</strong></span> <span class='ocrx_word' id='word_1_309' title='bbox 337 2953 360 3016; x_wconf 85' lang='lat'><strong>5,</strong></span> <span class='ocrx_word' id='word_1_310' title='bbox 374 2951 397 3001; x_wconf 86' lang='lat'><strong>2.</strong></span> <span class='ocrx_word' id='word_1_311' title='bbox 410 2952 455 3014; x_wconf 96' lang='grc'>42,</span> <span class='ocrx_word' id='word_1_312' title='bbox 469 2953 493 3000; x_wconf 92' lang='grc'><strong>2.</strong></span> <span class='ocrx_word' id='word_1_313' title='bbox 506 2969 529 3000; x_wconf 90' lang='lat' dir='ltr'><strong>u.</strong></span> <span class='ocrx_word' id='word_1_314' title='bbox 544 2955 576 3014; x_wconf 85' lang='lat' dir='ltr'><strong>a.)</strong></span> <span class='ocrx_word' id='word_1_315' title='bbox 590 2954 639 3001; x_wconf 91' lang='lat' dir='ltr'><strong>und</strong></span> <span class='ocrx_word' id='word_1_316' title='bbox 652 2953 676 3002; x_wconf 92' lang='lat' dir='ltr'><strong>in</strong></span> <span class='ocrx_word' id='word_1_317' title='bbox 690 2953 735 3002; x_wconf 87' lang='lat' dir='ltr'><strong>der</strong></span> 
     </span>
    </p>
   </div>
   <div class='ocr_carea' id='block_1_5' title="bbox 233 3019 734 3083">
    <p class='ocr_par' dir='ltr' id='par_1_10' title="bbox 233 3019 734 3083">
     <span class='ocr_line' id='line_1_32' title="bbox 233 3019 734 3083; baseline 0.002 -15"><span class='ocrx_word' id='word_1_318' title='bbox 233 3020 379 3082; x_wconf 83' lang='lat' dir='ltr'><strong>bedeutung</strong></span> <span class='ocrx_word' id='word_1_319' title='bbox 396 3020 540 3083; x_wconf 84' lang='lat' dir='ltr'><strong>geriistct</strong></span> <span class='ocrx_word' id='word_1_320' title='bbox 552 3020 646 3068; x_wconf 89' lang='lat' dir='ltr'><strong>innner.</strong></span> <span class='ocrx_word' id='word_1_321' title='bbox 658 3049 692 3056; x_wconf 90' lang='lat'>-</span> <span class='ocrx_word' id='word_1_322' title='bbox 704 3019 734 3069; x_wconf 92' lang='lat' dir='ltr'><strong>de</strong></span> 
     </span>
    </p>
   </div>
   <div class='ocr_carea' id='block_1_6' title="bbox 233 3085 733 3220">
    <p class='ocr_par' dir='ltr' id='par_1_11' title="bbox 233 3085 733 3220">
     <span class='ocr_line' id='line_1_33' title="bbox 233 3085 603 3200; baseline -0.005 -64"><span class='ocrx_word' id='word_1_323' title='bbox 233 3089 292 3200; x_wconf 70' lang='lat' dir='ltr'><strong>stip.</strong></span> <span class='ocrx_word' id='word_1_324' title='bbox 305 3102 432 3151; x_wconf 81' lang='lat' dir='ltr'><strong>recusare,</strong></span> <span class='ocrx_word' id='word_1_325' title='bbox 447 3103 467 3136; x_wconf 86' lang='lat' dir='ltr'><strong>s.</strong></span> <span class='ocrx_word' id='word_1_326' title='bbox 481 3103 512 3135; x_wconf 89' lang='lat' dir='ltr'><strong>zu</strong></span> <span class='ocrx_word' id='word_1_327' title='bbox 524 3085 565 3149; x_wconf 87' lang='grc'>42,</span> <span class='ocrx_word' id='word_1_328' title='bbox 581 3086 603 3135; x_wconf 92' lang='grc'><strong>1.</strong></span> 
     </span>
     <span class='ocr_line' id='line_1_34' title="bbox 285 3153 733 3220; baseline 0.004 -18"><span class='ocrx_word' id='word_1_329' title='bbox 285 3190 291 3202; x_wconf 88' lang='grc'><strong>.</strong></span> <span class='ocrx_word' id='word_1_330' title='bbox 309 3153 392 3218; x_wconf 80' lang='lat' dir='ltr'><strong>idque,</strong></span> <span class='ocrx_word' id='word_1_331' title='bbox 416 3156 481 3204; x_wconf 89' lang='lat' dir='ltr'><strong>nicht</strong></span> <span class='ocrx_word' id='word_1_332' title='bbox 499 3171 611 3220; x_wconf 74' lang='lat' dir='ltr'><strong>carraque,</strong></span> <span class='ocrx_word' id='word_1_333' title='bbox 633 3155 733 3204; x_wconf 86' lang='lat' dir='ltr'><strong>welles</strong></span> 
     </span>
    </p>
   </div>
   <div class='ocr_carea' id='block_1_7' title="bbox 230 3221 734 3623">
    <p class='ocr_par' dir='ltr' id='par_1_12' title="bbox 230 3221 734 3623">
     <span class='ocr_line' id='line_1_35' title="bbox 233 3221 732 3284; baseline 0.004 -15"><span class='ocrx_word' id='word_1_334' title='bbox 233 3221 300 3270; x_wconf 87' lang='lat' dir='ltr'><strong>nieht</strong></span> <span class='ocrx_word' id='word_1_335' title='bbox 320 3221 364 3270; x_wconf 88' lang='lat' dir='ltr'><strong>aul</strong></span> <span class='ocrx_word' id='word_1_336' title='bbox 382 3223 426 3271; x_wconf 86' lang='lat' dir='ltr'><strong>dus</strong></span> <span class='ocrx_word' id='word_1_337' title='bbox 444 3222 532 3284; x_wconf 86' lang='lat' dir='ltr'><strong>Wort,</strong></span> <span class='ocrx_word' id='word_1_338' title='bbox 557 3223 665 3271; x_wconf 90' lang='lat' dir='ltr'><strong>sondern</strong></span> <span class='ocrx_word' id='word_1_339' title='bbox 686 3223 732 3271; x_wconf 89' lang='lat' dir='ltr'><strong>den</strong></span> 
     </span>
     <span class='ocr_line' id='line_1_36' title="bbox 232 3287 734 3352; baseline 0.004 -14"><span class='ocrx_word' id='word_1_340' title='bbox 232 3304 329 3352; x_wconf 82' lang='lat' dir='ltr'><strong>gorzon</strong></span> <span class='ocrx_word' id='word_1_341' title='bbox 353 3287 458 3352; x_wconf 85' lang='lat' dir='ltr'><strong>Urnfang</strong></span> <span class='ocrx_word' id='word_1_342' title='bbox 487 3291 530 3338; x_wconf 88' lang='lat' dir='ltr'><strong>des</strong></span> <span class='ocrx_word' id='word_1_343' title='bbox 554 3289 660 3352; x_wconf 81' lang='lat' dir='ltr'><strong>begrilfs</strong></span> <span class='ocrx_word' id='word_1_344' title='bbox 690 3292 734 3352; x_wconf 81' lang='lat' dir='ltr'><strong>(ut</strong></span> 
     </span>
     <span class='ocr_line' id='line_1_37' title="bbox 232 3355 732 3475; baseline 0 -69"><span class='ocrx_word' id='word_1_345' title='bbox 232 3355 408 3424; x_wconf 71' lang='lat' dir='ltr'><strong>contempit.</strong></span> <span class='ocrx_word' id='word_1_346' title='bbox 423 3361 498 3420; x_wconf 79' lang='lat' dir='ltr'><strong>creet)</strong></span> <span class='ocrx_word' id='word_1_347' title='bbox 512 3358 578 3420; x_wconf 80' lang='lat' dir='ltr'><strong>geht.</strong></span> <span class='ocrx_word' id='word_1_348' title='bbox 591 3387 625 3394; x_wconf 90' lang='lat'>-</span> <span class='ocrx_word' id='word_1_349' title='bbox 636 3361 732 3475; x_wconf 54' lang='lat' dir='ltr'><strong>stg&#39;pen-</strong></span> 
     </span>
     <span class='ocr_line' id='line_1_38' title="bbox 232 3423 733 3490; baseline -0.004 -14"><span class='ocrx_word' id='word_1_350' title='bbox 232 3425 461 3490; x_wconf 75' lang='lat' dir='ltr'><strong>dtumrendttator‚</strong></span> <span class='ocrx_word' id='word_1_351' title='bbox 469 3423 606 3487; x_wconf 84' lang='lat' dir='ltr'><strong>‘erlassen’‚</strong></span> <span class='ocrx_word' id='word_1_352' title='bbox 614 3424 662 3474; x_wconf 83' lang='lat' dir='ltr'><strong>diei</strong></span> <span class='ocrx_word' id='word_1_353' title='bbox 678 3425 733 3474; x_wconf 90' lang='lat' dir='ltr'><strong>oth·</strong></span> 
     </span>
     <span class='ocr_line' id='line_1_39' title="bbox 231 3491 731 3557; baseline -0.002 -15"><span class='ocrx_word' id='word_1_354' title='bbox 231 3492 395 3555; x_wconf 84' lang='lat' dir='ltr'><strong>wendigkeit,</strong></span> <span class='ocrx_word' id='word_1_355' title='bbox 413 3491 504 3542; x_wconf 84' lang='lat' dir='ltr'><strong>Tribut</strong></span> <span class='ocrx_word' id='word_1_356' title='bbox 516 3509 548 3542; x_wconf 89' lang='lat' dir='ltr'><strong>zu</strong></span> <span class='ocrx_word' id='word_1_357' title='bbox 561 3493 662 3557; x_wconf 87' lang='lat' dir='ltr'><strong>zablon‚</strong></span> <span class='ocrx_word' id='word_1_358' title='bbox 675 3492 731 3542; x_wconf 89' lang='lat' dir='ltr'><strong>aul-</strong></span> 
     </span>
     <span class='ocr_line' id='line_1_40' title="bbox 230 3560 731 3623; baseline -0.004 -13"><span class='ocrx_word' id='word_1_359' title='bbox 230 3561 342 3623; x_wconf 80' lang='lat' dir='ltr'><strong>geboben</strong></span> <span class='ocrx_word' id='word_1_360' title='bbox 354 3561 449 3622; x_wconf 89' lang='lat' dir='ltr'><strong>wiirde,</strong></span> <span class='ocrx_word' id='word_1_361' title='bbox 461 3573 514 3610; x_wconf 92' lang='lat' dir='ltr'><strong>was</strong></span> <span class='ocrx_word' id='word_1_362' title='bbox 527 3561 602 3610; x_wconf 91' lang='lat' dir='ltr'><strong>durch</strong></span> <span class='ocrx_word' id='word_1_363' title='bbox 615 3561 653 3609; x_wconf 92' lang='lat' dir='ltr'><strong>die</strong></span> <span class='ocrx_word' id='word_1_364' title='bbox 666 3560 731 3611; x_wconf 85' lang='lat' dir='ltr'><strong>For·</strong></span> 
     </span>
    </p>
   </div>
   <div class='ocr_carea' id='block_1_8' title="bbox 134 3627 730 3692">
    <p class='ocr_par' dir='ltr' id='par_1_13' title="bbox 134 3627 730 3692">
     <span class='ocr_line' id='line_1_41' title="bbox 134 3627 730 3692; baseline 0.002 -14"><span class='ocrx_word' id='word_1_365' title='bbox 134 3639 136 3645; x_wconf 78' lang='grc'>’</span> <span class='ocrx_word' id='word_1_366' title='bbox 231 3627 730 3692; x_wconf 83' lang='lat' dir='ltr'><strong>derungCaesars‚dichisseln,welehe</strong></span> 
     </span>
    </p>
   </div>
   <div class='ocr_carea' id='block_1_9' title="bbox 229 3695 731 4033">
    <p class='ocr_par' dir='ltr' id='par_1_14' title="bbox 229 3695 731 3829">
     <span class='ocr_line' id='line_1_42' title="bbox 229 3695 731 3760; baseline 0 -14"><span class='ocrx_word' id='word_1_367' title='bbox 229 3695 731 3760; x_wconf 78' lang='lat' dir='ltr'><strong>jencNiitbigun&#39;gbedingten,lrcrunszu-</strong></span> 
     </span>
     <span class='ocr_line' id='line_1_43' title="bbox 231 3763 729 3829; baseline 0.002 -16"><span class='ocrx_word' id='word_1_368' title='bbox 231 3763 729 3829; x_wconf 76' lang='lat' dir='ltr'><strong>geben(e.35‚3),bewirktwordcnwiirc.</strong></span> 
     </span>
    </p>

    <p class='ocr_par' dir='ltr' id='par_1_15' title="bbox 231 3831 731 4033">
     <span class='ocr_line' id='line_1_44' title="bbox 265 3831 731 3896; baseline 0.006 -17"><span class='ocrx_word' id='word_1_369' title='bbox 265 3831 288 3880; x_wconf 86' lang='grc'><strong>6.</strong></span> <span class='ocrx_word' id='word_1_370' title='bbox 308 3831 594 3896; x_wconf 64' lang='lat' dir='ltr'><strong>deffendereeigentlieb:</strong></span> <span class='ocrx_word' id='word_1_371' title='bbox 605 3839 731 3895; x_wconf 85' lang='lat' dir='ltr'><strong>wegstos-</strong></span> 
     </span>
     <span class='ocr_line' id='line_1_45' title="bbox 231 3899 729 3964; baseline 0.008 -18"><span class='ocrx_word' id='word_1_372' title='bbox 231 3912 284 3956; x_wconf 84' lang='lat' dir='ltr'><strong>sen,</strong></span> <span class='ocrx_word' id='word_1_373' title='bbox 297 3899 438 3948; x_wconf 78' lang='lat' dir='ltr'><strong>abuelrren.</strong></span> <span class='ocrx_word' id='word_1_374' title='bbox 457 3899 480 3949; x_wconf 84' lang='lat'><strong>2.</strong></span> <span class='ocrx_word' id='word_1_375' title='bbox 494 3899 535 3963; x_wconf 83' lang='grc' dir='ltr'><strong>29,Ι</strong></span> <span class='ocrx_word' id='word_1_376' title='bbox 548 3901 571 3949; x_wconf 86' lang='grc'><strong>5.</strong></span> <span class='ocrx_word' id='word_1_377' title='bbox 582 3899 605 3950; x_wconf 86' lang='grc'><strong>6.</strong></span> <span class='ocrx_word' id='word_1_378' title='bbox 616 3899 657 3964; x_wconf 89' lang='grc'>23,</span> <span class='ocrx_word' id='word_1_379' title='bbox 668 3901 692 3950; x_wconf 87' lang='grc'><strong>4.</strong></span> <span class='ocrx_word' id='word_1_380' title='bbox 703 3902 729 3950; x_wconf 88' lang='grc' dir='ltr'><strong>Β.</strong></span> 
     </span>
     <span class='ocr_line' id='line_1_46' title="bbox 231 3963 633 4033; baseline 0.012 -20"><span class='ocrx_word' id='word_1_381' title='bbox 231 3963 257 4014; x_wconf 86' lang='lat' dir='ltr'><strong>C.</strong></span> <span class='ocrx_word' id='word_1_382' title='bbox 272 3965 295 4014; x_wconf 84' lang='lat'><strong>2.</strong></span> <span class='ocrx_word' id='word_1_383' title='bbox 308 3965 332 4028; x_wconf 86' lang='lat'><strong>2,</strong></span> <span class='ocrx_word' id='word_1_384' title='bbox 345 3966 372 4014; x_wconf 80' lang='lat' dir='ltr'><strong>l:</strong></span> <span class='ocrx_word' id='word_1_385' title='bbox 391 3971 477 4032; x_wconf 70' lang='lat' dir='ltr'><strong>iguem</strong></span> <span class='ocrx_word' id='word_1_386' title='bbox 488 3967 633 4033; x_wconf 79' lang='lat' dir='ltr'><strong>defendere.</strong></span> 
     </span>
    </p>
   </div>
   <div class='ocr_carea' id='block_1_10' title="bbox 788 2885 1292 3003">
    <p class='ocr_par' dir='ltr' id='par_1_16' title="bbox 788 2885 1292 3003">
     <span class='ocr_line' id='line_1_47' title="bbox 789 2885 1292 2952; baseline 0.004 -18"><span class='ocrx_word' id='word_1_387' title='bbox 789 2885 893 2935; x_wconf 85' lang='lat' dir='ltr'><strong>braucbt</strong></span> <span class='ocrx_word' id='word_1_388' title='bbox 905 2887 952 2934; x_wconf 86' lang='lat' dir='ltr'><strong>wie</strong></span> <span class='ocrx_word' id='word_1_389' title='bbox 966 2887 991 2934; x_wconf 94' lang='lat' dir='ltr'><strong>in</strong></span> <span class='ocrx_word' id='word_1_390' title='bbox 1004 2901 1068 2951; x_wconf 80' lang='lat' dir='ltr'><strong>puae</strong></span> <span class='ocrx_word' id='word_1_391' title='bbox 1079 2901 1158 2936; x_wconf 78' lang='lat' dir='ltr'><strong>causa</strong></span> <span class='ocrx_word' id='word_1_392' title='bbox 1170 2889 1217 2951; x_wconf 74' lang='lat' dir='ltr'><strong>eet,</strong></span> <span class='ocrx_word' id='word_1_393' title='bbox 1232 2887 1292 2952; x_wconf 78' lang='lat' dir='ltr'><strong>quid</strong></span> 
     </span>
     <span class='ocr_line' id='line_1_48' title="bbox 788 2956 902 3003; baseline 0.009 -1"><span class='ocrx_word' id='word_1_394' title='bbox 788 2957 830 3002; x_wconf 81' lang='lat' dir='ltr'><strong>cst</strong></span> <span class='ocrx_word' id='word_1_395' title='bbox 841 2956 902 3003; x_wconf 72' lang='lat' dir='ltr'><strong>corr?</strong></span> 
     </span>
    </p>
   </div>
   <div class='ocr_carea' id='block_1_11' title="bbox 823 3019 1383 3104">
    <p class='ocr_par' dir='ltr' id='par_1_17' title="bbox 823 3019 1383 3104">
     <span class='ocr_line' id='line_1_49' title="bbox 823 3019 1383 3104; baseline 0.013 -36"><span class='ocrx_word' id='word_1_396' title='bbox 823 3021 846 3069; x_wconf 87' lang='lat'><strong>9.</strong></span> <span class='ocrx_word' id='word_1_397' title='bbox 860 3021 921 3071; x_wconf 87' lang='lat' dir='ltr'><strong>bello</strong></span> <span class='ocrx_word' id='word_1_398' title='bbox 931 3020 1115 3086; x_wconf 75' lang='lat' dir='ltr'><strong>Allobrogum:</strong></span> <span class='ocrx_word' id='word_1_399' title='bbox 1124 3037 1146 3070; x_wconf 91' lang='lat' dir='ltr'><strong>c.</strong></span> <span class='ocrx_word' id='word_1_400' title='bbox 1157 3020 1180 3082; x_wconf 86' lang='grc'>6,</span> <span class='ocrx_word' id='word_1_401' title='bbox 1191 3019 1216 3070; x_wconf 84' lang='grc'><strong>2.</strong></span> <span class='ocrx_word' id='word_1_402' title='bbox 1226 3022 1289 3071; x_wconf 83' lang='lat' dir='ltr'><strong>Hae·</strong></span> <span class='ocrx_word' id='word_1_403' title='bbox 1382 3045 1383 3104; x_wconf 62' lang='lat'><strong>,</strong></span> 
     </span>
    </p>
   </div>
   <div class='ocr_carea' id='block_1_12' title="bbox 786 3087 1288 3495">
    <p class='ocr_par' dir='ltr' id='par_1_18' title="bbox 787 3087 1288 3288">
     <span class='ocr_line' id='line_1_50' title="bbox 788 3087 1288 3156; baseline 0 -18"><span class='ocrx_word' id='word_1_404' title='bbox 788 3087 834 3138; x_wconf 81' lang='lat' dir='ltr'><strong>dui</strong></span> <span class='ocrx_word' id='word_1_405' title='bbox 845 3089 905 3137; x_wconf 86' lang='lat' dir='ltr'><strong>nach</strong></span> <span class='ocrx_word' id='word_1_406' title='bbox 917 3091 988 3156; x_wconf 77' lang='lat' dir='ltr'><strong>ipsos</strong></span> <span class='ocrx_word' id='word_1_407' title='bbox 1000 3089 1133 3152; x_wconf 82' lang='lat' dir='ltr'><strong>unudthig‚</strong></span> <span class='ocrx_word' id='word_1_408' title='bbox 1151 3089 1214 3138; x_wconf 83' lang='lat' dir='ltr'><strong>aber</strong></span> <span class='ocrx_word' id='word_1_409' title='bbox 1225 3089 1288 3140; x_wconf 75' lang='lat' dir='ltr'><strong>Cae-</strong></span> 
     </span>
     <span class='ocr_line' id='line_1_51' title="bbox 787 3155 1287 3220; baseline 0.006 -16"><span class='ocrx_word' id='word_1_410' title='bbox 787 3170 843 3204; x_wconf 76' lang='lat' dir='ltr'><strong>sare</strong></span> <span class='ocrx_word' id='word_1_411' title='bbox 853 3155 960 3205; x_wconf 84' lang='lat' dir='ltr'><strong>Streben</strong></span> <span class='ocrx_word' id='word_1_412' title='bbox 973 3159 1034 3206; x_wconf 87' lang='lat' dir='ltr'><strong>naob</strong></span> <span class='ocrx_word' id='word_1_413' title='bbox 1043 3156 1213 3206; x_wconf 86' lang='lat' dir='ltr'><strong>Deutlicbkeit</strong></span> <span class='ocrx_word' id='word_1_414' title='bbox 1225 3172 1287 3220; x_wconf 77' lang='lat' dir='ltr'><strong>ganz</strong></span> 
     </span>
     <span class='ocr_line' id='line_1_52' title="bbox 788 3225 977 3288; baseline 0 -16"><span class='ocrx_word' id='word_1_415' title='bbox 788 3225 977 3288; x_wconf 83' lang='lat' dir='ltr'><strong>cntsprecbend.</strong></span> 
     </span>
    </p>

    <p class='ocr_par' dir='ltr' id='par_1_19' title="bbox 786 3289 1288 3495">
     <span class='ocr_line' id='line_1_53' title="bbox 824 3289 1288 3356; baseline 0.015 -18"><span class='ocrx_word' id='word_1_416' title='bbox 824 3289 862 3340; x_wconf 83' lang='lat' dir='ltr'><strong>ll.</strong></span> <span class='ocrx_word' id='word_1_417' title='bbox 880 3291 963 3356; x_wconf 82' lang='lat' dir='ltr'><strong>dium,</strong></span> <span class='ocrx_word' id='word_1_418' title='bbox 986 3293 1035 3341; x_wconf 88' lang='lat' dir='ltr'><strong>wie</strong></span> <span class='ocrx_word' id='word_1_419' title='bbox 1051 3298 1128 3342; x_wconf 89' lang='lat' dir='ltr'><strong>unten</strong></span> <span class='ocrx_word' id='word_1_420' title='bbox 1147 3291 1162 3356; x_wconf 66' lang='grc' dir='ltr'>ξ</span> <span class='ocrx_word' id='word_1_421' title='bbox 1177 3291 1207 3340; x_wconf 88' lang='grc'><strong>13</strong></span> <span class='ocrx_word' id='word_1_422' title='bbox 1221 3310 1249 3343; x_wconf 81' lang='lat' dir='ltr'><strong>ae</strong></span> <span class='ocrx_word' id='word_1_423' title='bbox 1259 3293 1288 3344; x_wconf 82' lang='lat' dir='ltr'><strong>d·</strong></span> 
     </span>
     <span class='ocr_line' id='line_1_54' title="bbox 786 3357 1286 3425; baseline 0.006 -18"><span class='ocrx_word' id='word_1_424' title='bbox 786 3357 840 3408; x_wconf 82' lang='lat' dir='ltr'><strong>lum</strong></span> <span class='ocrx_word' id='word_1_425' title='bbox 859 3387 893 3394; x_wconf 89' lang='lat'><em>-</em></span> <span class='ocrx_word' id='word_1_426' title='bbox 913 3364 1147 3410; x_wconf 72' lang='lat' dir='ltr'><strong>remmimoturum.</strong></span> <span class='ocrx_word' id='word_1_427' title='bbox 1169 3360 1230 3410; x_wconf 82' lang='lat' dir='ltr'><strong>‘Dos</strong></span> <span class='ocrx_word' id='word_1_428' title='bbox 1252 3363 1286 3425; x_wconf 82' lang='lat' dir='ltr'><strong>tu,</strong></span> 
     </span>
     <span class='ocr_line' id='line_1_55' title="bbox 786 3426 1288 3495; baseline 0.006 -20"><span class='ocrx_word' id='word_1_429' title='bbox 786 3441 831 3475; x_wconf 83' lang='lat' dir='ltr'><strong>roa</strong></span> <span class='ocrx_word' id='word_1_430' title='bbox 843 3427 889 3476; x_wconf 87' lang='lat' dir='ltr'><strong>der</strong></span> <span class='ocrx_word' id='word_1_431' title='bbox 900 3427 1011 3477; x_wconf 85' lang='lat' dir='ltr'><strong>directen</strong></span> <span class='ocrx_word' id='word_1_432' title='bbox 1023 3426 1092 3477; x_wconf 89' lang='lat' dir='ltr'><strong>Rede</strong></span> <span class='ocrx_word' id='word_1_433' title='bbox 1106 3429 1142 3488; x_wconf 83' lang='lat' dir='ltr'><strong>(te</strong></span> <span class='ocrx_word' id='word_1_434' title='bbox 1152 3443 1202 3495; x_wconf 86' lang='lat' dir='ltr'><strong>pro</strong></span> <span class='ocrx_word' id='word_1_435' title='bbox 1215 3429 1288 3478; x_wconf 75' lang='lat' dir='ltr'><strong>boeto</strong></span> 
     </span>
    </p>
   </div>
   <div class='ocr_carea' id='block_1_13' title="bbox 785 3494 1383 3559">
    <p class='ocr_par' dir='ltr' id='par_1_20' title="bbox 785 3494 1383 3559">
     <span class='ocr_line' id='line_1_56' title="bbox 785 3494 1383 3559; baseline 0.003 -16"><span class='ocrx_word' id='word_1_436' title='bbox 785 3494 893 3556; x_wconf 78' lang='lat' dir='ltr'><strong>habebo)</strong></span> <span class='ocrx_word' id='word_1_437' title='bbox 907 3495 969 3544; x_wconf 89' lang='lat' dir='ltr'><strong>wird</strong></span> <span class='ocrx_word' id='word_1_438' title='bbox 982 3495 1023 3544; x_wconf 89' lang='lat' dir='ltr'><strong>bei</strong></span> <span class='ocrx_word' id='word_1_439' title='bbox 1034 3496 1090 3544; x_wconf 81' lang='lat' dir='ltr'><strong>deni</strong></span> <span class='ocrx_word' id='word_1_440' title='bbox 1102 3495 1252 3559; x_wconf 75' lang='lat' dir='ltr'><strong>Uebergnng</strong></span> <span class='ocrx_word' id='word_1_441' title='bbox 1263 3497 1286 3545; x_wconf 90' lang='lat' dir='ltr'><strong>in</strong></span> <span class='ocrx_word' id='word_1_442' title='bbox 1382 3519 1383 3532; x_wconf 34' lang='grc' dir='ltr'>π</span> 
     </span>
    </p>
   </div>
   <div class='ocr_carea' id='block_1_14' title="bbox 784 3561 1287 3761">
    <p class='ocr_par' dir='ltr' id='par_1_21' title="bbox 784 3561 1287 3761">
     <span class='ocr_line' id='line_1_57' title="bbox 786 3561 1286 3614; baseline 0.006 -4"><span class='ocrx_word' id='word_1_443' title='bbox 786 3561 825 3610; x_wconf 85' lang='lat' dir='ltr'><strong>die</strong></span> <span class='ocrx_word' id='word_1_444' title='bbox 859 3563 980 3612; x_wconf 87' lang='lat' dir='ltr'><strong>indirecte</strong></span> <span class='ocrx_word' id='word_1_445' title='bbox 1005 3563 1187 3612; x_wconf 82' lang='lat' dir='ltr'><strong>meistcntheils</strong></span> <span class='ocrx_word' id='word_1_446' title='bbox 1212 3565 1286 3614; x_wconf 85' lang='lat' dir='ltr'><strong>durch</strong></span> 
     </span>
     <span class='ocr_line' id='line_1_58' title="bbox 784 3629 1285 3695; baseline 0.008 -17"><span class='ocrx_word' id='word_1_447' title='bbox 784 3629 835 3694; x_wconf 81' lang='lat' dir='ltr'><strong>ille,</strong></span> <span class='ocrx_word' id='word_1_448' title='bbox 852 3630 913 3680; x_wconf 84' lang='lat' dir='ltr'><strong>uber</strong></span> <span class='ocrx_word' id='word_1_449' title='bbox 928 3632 990 3680; x_wconf 81' lang='lat' dir='ltr'><strong>auch</strong></span> <span class='ocrx_word' id='word_1_450' title='bbox 1010 3631 1086 3679; x_wconf 87' lang='lat' dir='ltr'><strong>durch</strong></span> <span class='ocrx_word' id='word_1_451' title='bbox 1097 3634 1121 3680; x_wconf 73' lang='lat' dir='ltr'><strong>ir</strong></span> <span class='ocrx_word' id='word_1_452' title='bbox 1133 3630 1285 3695; x_wconf 79' lang='lat' dir='ltr'><strong>bezeiebnct,</strong></span> 
     </span>
     <span class='ocr_line' id='line_1_59' title="bbox 784 3697 1287 3761; baseline 0.01 -16"><span class='ocrx_word' id='word_1_453' title='bbox 784 3697 833 3746; x_wconf 90' lang='lat' dir='ltr'><strong>wic</strong></span> <span class='ocrx_word' id='word_1_454' title='bbox 851 3714 872 3746; x_wconf 89' lang='lat' dir='ltr'><strong>c.</strong></span> <span class='ocrx_word' id='word_1_455' title='bbox 888 3697 933 3761; x_wconf 88' lang='grc'>14,</span> <span class='ocrx_word' id='word_1_456' title='bbox 950 3697 977 3746; x_wconf 84' lang='lat'><strong>6:</strong></span> <span class='ocrx_word' id='word_1_457' title='bbox 995 3701 1020 3747; x_wconf 80' lang='lat' dir='ltr'><strong>si</strong></span> <span class='ocrx_word' id='word_1_458' title='bbox 1035 3698 1135 3748; x_wconf 74' lang='lat' dir='ltr'><strong>obsides</strong></span> <span class='ocrx_word' id='word_1_459' title='bbox 1145 3701 1228 3749; x_wconf 69' lang='lat' dir='ltr'><strong>abdis</strong></span> <span class='ocrx_word' id='word_1_460' title='bbox 1240 3701 1287 3750; x_wconf 78' lang='lat' dir='ltr'><strong>ribi</strong></span> 
     </span>
    </p>
   </div>
   <div class='ocr_carea' id='block_1_15' title="bbox 772 3764 1284 3833">
    <p class='ocr_par' dir='ltr' id='par_1_22' title="bbox 772 3764 1284 3833">
     <span class='ocr_line' id='line_1_60' title="bbox 772 3764 1284 3833; baseline 0.004 -19"><span class='ocrx_word' id='word_1_461' title='bbox 772 3764 886 3815; x_wconf 70' lang='lat' dir='ltr'><strong>&#39;dentum</strong></span> <span class='ocrx_word' id='word_1_462' title='bbox 895 3779 988 3815; x_wconf 48' lang='lat' dir='ltr'><strong>anon</strong></span> <span class='ocrx_word' id='word_1_463' title='bbox 998 3769 1140 3833; x_wconf 75' lang='lat' dir='ltr'><strong>proatrdco,</strong></span> <span class='ocrx_word' id='word_1_464' title='bbox 1154 3767 1284 3817; x_wconf 77' lang='lat' dir='ltr'><strong>rodberte.</strong></span> 
     </span>
    </p>
   </div>
   <div class='ocr_carea' id='block_1_16' title="bbox 783 3833 1284 4036">
    <p class='ocr_par' dir='ltr' id='par_1_23' title="bbox 783 3833 1284 4036">
     <span class='ocr_line' id='line_1_61' title="bbox 784 3833 1284 3900; baseline 0.006 -19"><span class='ocrx_word' id='word_1_465' title='bbox 784 3833 867 3882; x_wconf 84' lang='lat' dir='ltr'><strong>llurcb</strong></span> <span class='ocrx_word' id='word_1_466' title='bbox 884 3834 924 3882; x_wconf 91' lang='lat' dir='ltr'><strong>dic</strong></span> <span class='ocrx_word' id='word_1_467' title='bbox 936 3833 1093 3896; x_wconf 79' lang='lat' dir='ltr'><strong>Auslassung</strong></span> <span class='ocrx_word' id='word_1_468' title='bbox 1109 3835 1156 3883; x_wconf 90' lang='lat' dir='ltr'><strong>der</strong></span> <span class='ocrx_word' id='word_1_469' title='bbox 1166 3834 1284 3900; x_wconf 84' lang='lat' dir='ltr'><strong>Praepos.</strong></span> 
     </span>
     <span class='ocr_line' id='line_1_62' title="bbox 785 3899 1284 3966; baseline 0.004 -17"><span class='ocrx_word' id='word_1_470' title='bbox 785 3899 816 3949; x_wconf 88' lang='lat' dir='ltr'><strong>im</strong></span> <span class='ocrx_word' id='word_1_471' title='bbox 837 3902 945 3950; x_wconf 89' lang='lat' dir='ltr'><strong>zweiten</strong></span> <span class='ocrx_word' id='word_1_472' title='bbox 963 3899 1052 3950; x_wconf 79' lang='lat' dir='ltr'><strong>(lliede</strong></span> <span class='ocrx_word' id='word_1_473' title='bbox 1073 3903 1134 3952; x_wconf 81' lang='lat' dir='ltr'><strong>nach</strong></span> <span class='ocrx_word' id='word_1_474' title='bbox 1151 3917 1215 3966; x_wconf 83' lang='lat' dir='ltr'><strong>noo,</strong></span> <span class='ocrx_word' id='word_1_475' title='bbox 1234 3917 1284 3952; x_wconf 80' lang='lat' dir='ltr'><strong>noo</strong></span> 
     </span>
     <span class='ocr_line' id='line_1_63' title="bbox 783 3967 1282 4036; baseline 0.004 -18"><span class='ocrx_word' id='word_1_476' title='bbox 783 3967 867 4018; x_wconf 77' lang='lat' dir='ltr'><strong>solum</strong></span> <span class='ocrx_word' id='word_1_477' title='bbox 876 3997 909 4004; x_wconf 89' lang='lat'><em>-</em></span> <span class='ocrx_word' id='word_1_478' title='bbox 918 3967 1044 4018; x_wconf 71' lang='lat' dir='ltr'><strong>redebitur</strong></span> <span class='ocrx_word' id='word_1_479' title='bbox 1055 3969 1125 4032; x_wconf 84' lang='lat' dir='ltr'><strong>(auch</strong></span> <span class='ocrx_word' id='word_1_480' title='bbox 1132 3971 1282 4036; x_wconf 76' lang='lat' dir='ltr'><strong>nacqucam)</strong></span> 
     </span>
    </p>
   </div>
   <div class='ocr_carea' id='block_1_17' title="bbox 0 0 1404 4482">
    <p class='ocr_par' dir='ltr' id='par_1_24' title="bbox 0 0 1404 4482">
     <span class='ocr_line' id='line_1_64' title="bbox 0 0 1404 4482; baseline 0 5"><span class='ocrx_word' id='word_1_481' title='bbox 0 0 1404 4482; x_wconf 95' lang='lat' dir='ltr'><strong> </strong></span> 
     </span>
    </p>
   </div>
  </div>
 </body>
</html>
