2798 4482
238 343 298 404 124
539 339 543 346 ·
598 340 642 390 nn
660 340 768 392 nunno
786 338 929 392 333133

199 509 215 556 5
236 493 286 574 qui
305 493 386 556 vicus
406 495 521 573 positus
541 493 572 553 in
586 493 657 554 valle
676 509 738 553 non
753 511 859 571 magna
873 492 984 553 adiecta
1001 492 1124 572 planicie
1142 494 1291 560 altissimis

200 590 216 640 6
236 579 386 640 montibus
403 578 531 657 undique
547 578 721 638 continetur.
755 578 829 638 dum
848 576 897 637 113
915 577 1033 638 induas
1053 587 1151 656 partes
1171 581 1292 643 flumine

234 663 416 736 divideretur,
433 663 551 724 alteram
565 671 678 741 partem
693 663 755 723 eius
769 661 824 723 vici
839 661 924 722 Gallis
943 662 987 738 [ad
1003 661 1200 742 hiemandum]
1218 685 1291 728 eon-

219 747 330 820 cessit,
345 748 464 808 alteram
478 766 598 825 vacuam
613 747 648 808 ab
663 747 710 807 his
725 747 853 808 relictam
869 746 1039 808 cohortibus
1055 748 1192 809 attribuit.
1214 751 1290 812 Eum

232 831 331 893 locum
346 832 419 893 vallo
436 833 573 909 fossaque
587 832 719 892 munivit.

318 923 350 982 2.
370 917 450 977 Cum
469 916 530 976 dies
551 915 742 977 hibemomm
762 916 930 994 complures
950 915 1137 990 transissent,
1157 919 1287 980 frumen-
1354 931 1357 938 '

233 1008 353 1079 tumque
368 1019 402 1061 eo
419 1000 598 1080 comportari
616 1000 763 1074 iussisset,
783 1000 879 1061 subito
899 1020 952 1080 per
971 1001 1168 1080 exploratores
1185 1004 1290 1064 certior

233 1087 324 1146 laetus
341 1093 434 1146 estex
450 1104 483 1146 ea
497 1091 578 1164 parte
592 1085 654 1157 vici,
670 1105 757 1164 quam
769 1085 856 1147 Gallis
873 1093 1064 1160 concesserat,
1080 1105 1183 1148 omnes
1198 1096 1289 1150 noctu

233 1169 405 1230 discessisse
419 1177 606 1248 montesque,
627 1172 676 1248 qui
695 1171 910 1248 impenderent,
929 1170 1086 1232 amaxima
1105 1172 1289 1234 multitudine

196 1259 211 1308 2
234 1254 421 1316 Sedunomm
436 1262 465 1314 et
476 1256 670 1332 Veragromm
685 1257 786 1316 teneri.
809 1255 840 1315 ld
856 1255 965 1333 aliquot
979 1256 1015 1315 de
1032 1255 1127 1316 causis
1138 1257 1289 1332 acciderat,

232 1347 265 1400 ut
279 1339 375 1399 subito
389 1339 460 1399 Galli
471 1339 535 1399 belli
547 1340 706 1400 renovandi
721 1339 902 1418 legionisque
914 1339 1123 1418 opprimendae
1135 1341 1289 1424 consilium

196 1438 212 1488 3
233 1431 381 1502 caperent:
401 1415 545 1502 primum,
568 1425 646 1503 quod
665 1424 811 1502 legionem
830 1443 923 1503 neque
938 1443 1001 1484 eam
1022 1424 1220 1502 plenissimam
1236 1428 1289 1487 de-

231 1509 331 1568 tractis
346 1508 516 1569 cohortibus
533 1508 647 1569 duabus
658 1517 686 1569 et
697 1509 897 1588 compluribus
909 1508 1082 1586 singillatim,
1097 1509 1146 1588 qui
1158 1529 1289 1572 comme—

233 1600 298 1654 atus
313 1593 428 1673 petendi
445 1612 531 1654 causa
545 1592 629 1653 missi
644 1601 735 1666 erant,
755 1601 877 1673 propter
891 1593 1064 1671 paucitatem
1079 1593 1289 1672 despiciebant3

195 1692 211 1742 4
234 1684 295 1738 tmn
311 1677 405 1750 etiam,
425 1679 503 1756 quod
518 1686 639 1757 propter
653 1678 835 1756 iniquitatem
849 1677 914 1750 loci,
935 1696 1001 1738 eum
1016 1677 1074 1756 ipsi
1089 1698 1123 1738 er
1137 1679 1288 1741 montibus

149 1817 153 1824 ,
231 1763 262 1822 13
276 1762 379 1823 vallem
392 1763 578 1823 decurrerent
589 1769 616 1822 et
627 1762 868 1857 telafonicerent,
883 1781 920 1822 ne
931 1762 1060 1840 primum
1072 1763 1187 1841 quidem
1198 1782 1290 1842 posse

196 1860 211 1908 5
232 1846 375 1925 impetum
391 1866 479 1908 suum
495 1847 633 1907 sustineri
648 1847 860 1907 emstimabant.
887 1846 1055 1919 Accedebat,
1070 1848 1148 1925 quod
1165 1866 1236 1908 suos
1252 1849 1288 1910 ab

233 1950 265 1990 se
279 1931 386 1990 liberos
402 1930 564 1991 abstractos
582 1930 718 1991 obsidum
734 1930 854 1991 nomine
866 1925 1010 2002 dolebant,
1026 1939 1054 1991 et
1064 1931 1215 1992 Romanos
1226 1951 1289 1994 non

231 2014 328 2075 solum
345 2015 481 2074 itinerum
497 2034 591 2086 causa,
607 2015 756 2075 sedetiam
773 2023 930 2094 perpetuae
948 2016 1146 2092 possessionis
1163 2017 1290 2079 erdmina

231 2098 347 2176 Alpium
363 2115 506 2177 occupare
522 2099 619 2159 conari
636 2108 664 2160 et
675 2119 708 2160 ea
723 2100 785 2160 loca
800 2099 939 2159 linitimae
954 2100 1119 2177 provinciae
1134 2101 1290 2180 adiungere

231 2181 286 2242 sibi
301 2201 475 2261 persuasum
490 2182 642 2243 habehant.

316 2271 347 2333 3.
373 2267 426 2328 His
443 2267 552 2327 nuntiis
568 2267 694 2348 acceptis
707 2268 803 2342 Galba,
820 2287 886 2328 cum
902 2285 995 2346 neque
1007 2287 1083 2347 opus
1098 2269 1290 2332 hibernorum

231 2417 385 2481 33313149,
401 2417 639 2470 1.-33333333333
656 2420 734 2469 ‘wird
790 2419 843 2469 ‘die
862 2420 929 2469 nicht
947 2419 1038 2468 einmnl
1056 2435 1119 2484 ganz
1137 2420 1292 2486 vollstiindig

231 2485 451 2548 eingeschlosseu'.

265 2553 289 2602 6.
311 2551 387 2604 Gallis
400 2558 531 2604 concessit.
560 2554 655 2604 lindie
673 2553 734 2604 Gol-

230 2621 280 2670 1133
300 2621 358 2671 1333
381 2623 498 2672 wobnten
522 2623 572 2672 und
592 2638 641 2671 nur
661 2623 733 2672 einen

229 2688 302 2738 Τ1311
323 2690 368 2738 133
390 2689 468 2740 03333
487 2691 591 2740 3113333
612 2695 757 2753 3333333,’

229 2755 296 2806 kann
313 2757 359 2805 der
371 2756 520 2807 Aulentlmlt
537 2758 583 2806 der
594 2757 734 2808 Bewobner

230 2823 313 2884 (nicht
328 2825 397 2873 eines
412 2823 522 2887 Haeres)
537 2824 676 2887 unmb'gliclr
689 2824 734 2874 mit
751 2821 754 2826 ’

229 2891 343 2940 11333333
360 2891 408 2951 (ad
422 2891 597 2953 btmnnndnm)
617 2891 732 2940 bezeich-

230 2964 274 3006 net
292 2959 409 3020 werden,
431 2959 476 3007 das
498 2973 546 3007 von
565 2957 591 3007 C.
610 2975 658 3007 nur
675 2974 733 3008 vom

229 3023 420 3074 Ueberwintern
455 3026 501 3073 der
534 3024 653 3090 Truppeu
687 3041 733 3088 ge-

229 3091 334 3140 braucht
345 3091 417 3141 wird.
442 3108 464 3140 c.
477 3091 506 3153 2,
519 3091 547 3140 2:
565 3109 642 3158 quam
656 3091 732 3142 datto

229 3163 399 3208 concesserat.
420 3158 567 3222 (Vielleicbt
579 3160 613 3210 ist
628 3160 664 3210 ad
678 3161 732 3210 bie·

229 3224 351 3276 mandum
367 3242 415 3274 nur
430 3241 461 3275 un
480 3227 519 3275 die
538 3225 633 3277 lolscbe
651 3227 731 3277 Stelle

229 3293 388 3357 gekommen‚
405 3295 455 3342 und
473 3295 620 3344 cohortibus
635 3294 670 3344 ad
680 3295 732 3345 1313-

228 3360 351 3412 mandnm
362 3364 482 3411 attribuit
493 3377 524 3411 zu
541 3361 696 3425 schreiben).

262 3420 294 3479 Ξ.
324 3427 345 3476 1.
370 3444 412 3478 eo:
431 3431 458 3478 in
478 3430 594 3497 1313333,
617 3430 731 3494 31313131

229 3498 273 3548 dos
287 3495 365 3547 Wort
381 3498 474 3546 vorher
485 3498 525 3547 113
539 3497 598 3548 Ζ313
612 3498 644 3550 im
656 3497 731 3549 Win-

228 3564 396 3630 terquartiere
406 3563 561 3615 bezeichnet.
570 3593 605 3602 —
613 3582 689 3631 pamm
697 3594 732 3603 —

228 3635 398 3698 concesserat,
408 3633 454 3680 der
462 3630 619 3684 ludicatwie
628 3633 682 3696 24,
691 3633 730 3682 10.

262 3699 287 3749 2.
314 3703 398 3750 nt-
419 3704 540 3767 caperent
559 3700 730 3750 bestimmtere

228 3765 392 3831 busl'dbrung
403 3782 453 3816 von
465 3767 499 3818 td.
515 3768 536 3817 1.
550 3769 573 3831 5,
589 3767 611 3817 1.

262 3833 286 3884 3.
304 3831 385 3900 nsque
394 3850 460 3897 eam,
472 3835 523 3884 wie
535 3840 562 3886 et
568 3839 600 3902 is,
612 3840 688 3902 atque
698 3839 729 3901 is,

788 2485 860 2536 war'.
883 2514 918 2523 —
941 2487 1115 2554 compluribus
1141 2489 1292 2553 singultatim
1397 2511 1398 2538 t

789 2555 937 2618 (detractis)
958 2556 1084 2604 ί(3313333
1102 2554 1213 2604 einzeln’
1232 2558 1256 2606 d.
1274 2558 1291 2606 i.

789 2622 857 2671 31313
868 2623 894 2671 13
903 2637 999 2686 ganzen
1009 2620 1290 2687 Heeresubtheilungen.

788 2689 841 2739 Das
857 2690 981 2752 Adverb.,
999 2705 1038 2738 wo
1055 2691 1116 2740 3331
1135 2690 1179 2740 133
1190 2691 1290 2742 Adiect.

789 2758 876 2806 steben
889 2757 991 2820 1113333,
1003 2758 1051 2806 313
1066 2757 1088 2806 1.
1104 2757 1143 2819 11,
1157 2756 1171 2806 2
1184 2762 1291 2826 postpri-

787 2827 866 2874 oatim
879 2824 940 2891 plus
949 2829 1061 2892 possint,
1079 2841 1156 2890 quam
1171 2828 1224 2893 ipsi
1233 2842 1289 2876 tna-

784 2894 924 2956 gs'stsutus.
1156 2910 1161 2923 ¹

821 2959 845 3007 5.
863 2959 1007 3025 accedebat,
1029 2959 1150 3024 33331-
1169 2975 1288 3027 persnas.

786 3027 919 3076 habebant.
953 3026 1054 3076 0113333
1078 3027 1288 3090 llingestdndniss

787 3094 831 3142 des
848 3094 983 3156 gerecbten
996 3092 1112 3144 Grundes
1126 3095 1170 3144 des
1183 3093 1288 3145 111133-

787 3162 901 3223 standes,
918 3161 968 3210 wie
984 3162 1034 3210 wir
1049 3161 1102 3210 1133
1119 3161 1186 3211 tiber
1201 3161 1243 3211 bei
1261 3162 1288 3212 C.

786 3227 877 3277 linden.
902 3228 989 3292 Vergl.
1002 3228 1026 3279 5.
1039 3228 1085 3292 54,
1101 3228 1126 3278 4.
1150 3229 1174 3278 1.
1187 3229 1228 3292 11,
1248 3229 1287 3280 15.

786 3321 820 3331 -
838 3297 900 3346 sibi
912 3311 1069 3363 persuasum.
1084 3297 1217 3346 33131331.
1240 3297 1287 3347 Die

786 3362 884 3425 einzige
897 3363 977 3414 Stelle
994 3364 1064 3413 eines
1077 3364 1287 3427 mustergiiltigen

786 3429 996 3494 Sobribtstellers,
1015 3431 1040 3480 in
1056 3419 1102 3480 dei·
1119 3431 1189 3481 disse
1205 3431 1287 3481 Wen-

787 3499 853 3562 dung
864 3498 1019 3560 vorkommt3
1033 3514 1081 3547 nur·
1092 3513 1160 3548 muso
1172 3513 1228 3548 man
1239 3503 1291 3550 siti

1396 2453 1398 2502 1

786 3565 854 3616 31313
869 3566 915 3616 313
925 3567 1030 3633 babere,
1047 3567 1156 3615 sondern
1172 3567 1218 3616 mit
1226 3583 1289 3634 per*-

785 3650 893 3684 mosum
914 3633 1060 3684 verbinden.
1088 3631 1209 3699 Nipperd.
1226 3649 1287 3688 vere

785 3701 878 3764 gleicht
894 3702 922 3751 B.
940 3701 1010 3767 Hisp.
1028 3700 1076 3763 22,
1094 3699 1122 3750 8:
1140 3717 1221 3767 neque
1238 3704 1289 3752 siet

784 3767 863 3819 ullam
887 3783 959 3838 spem
983 3771 1104 3820 (33333133
1124 3773 1288 3838 propositam
1393 3787 1394 3792 ¹

784 3835 885 3888 babere.

226 3901 730 3967 3113331133333113333333133313-
819 3893 850 3954 3.
881 3903 902 3953 l.
929 3917 994 3972 opus
1013 3904 1063 3953 bib.
1083 3873 1239 3955 3331313333
1273 3921 1288 3954 3

225 3967 310 4018 voller
329 3969 500 4032 Bestimmuns
521 3971 591 4020 eines
609 3970 729 4034 Begrifl‘ss
783 3970 1056 4035 3313333331331331,
1069 3972 1132 4022 noch
1143 3971 1183 4021 als
1195 3968 1226 4024 11
1258 3967 1287 4022 (1
1391 3975 1392 3978 ’
